2604 4974
189 802 241 870 ι34
538 820 571 875 P.
591 818 701 878 OVIDI
717 817 880 878 NASONIS

240 942 331 1008 flecte
348 941 463 1010 ratem!
489 967 658 1009 numerum
674 964 739 1008 non
755 943 853 1008 habet
868 942 923 1007 illa
940 939 1055 1008 suum!

198 1028 278 1094 haec
295 1049 366 1115 ego.
410 1029 497 1114 quod
514 1029 585 1095 voci
602 1029 724 1107 deerat,
742 1030 895 1114 plangore
912 1029 1090 1115 replebam:

240 1114 374 1179 verbera
391 1116 464 1180 cum
482 1115 585 1180 verbis
603 1115 704 1180 mixta
719 1115 810 1180 fuere
827 1113 916 1179 meis.

199 1199 306 1264 sinon
324 1201 464 1278 audires,
482 1211 519 1265 ut
535 1202 648 1266 saltem
666 1222 793 1266 cernere
811 1221 930 1286 posses,

147 1308 181 1356 40
240 1285 374 1351 iactatae
390 1287 454 1351 late
472 1287 564 1372 signa
581 1286 696 1352 dedere
713 1309 836 1351 manus.

200 1371 397 1456 candidaque
415 1372 539 1457 inposui
557 1373 672 1459 longae
690 1372 847 1437 velamina
864 1371 985 1458 virgae,

241 1457 361 1523 scilicet
377 1458 490 1523 oblitos
507 1458 708 1524 admonitura
724 1457 788 1522 mei
804 1493 848 1504 —

198 1540 325 1626 iamque
344 1543 443 1608 oculis
461 1554 587 1629 ereptus
605 1567 685 1610 eras.
727 1555 797 1608 tum
815 1543 952 1626 denique
969 1543 1052 1609 flevi.

241 1640 425 1714 torpuerant
441 1629 552 1694 molles
571 1640 643 1695 ante
661 1629 769 1694 dolore
786 1651 899 1715 genae.

147 1737 179 1784 45
197 1714 276 1798 quid
292 1715 398 1799 potius
414 1714 571 1791 facerent,
589 1738 685 1801 quam
701 1738 753 1780 me
771 1737 843 1780 mea
858 1715 980 1780 lumina
996 1715 1118 1796 flerent,

240 1811 409 1886 postquam
427 1800 585 1866 desierant
601 1801 673 1866 vela
689 1801 797 1866 videre
814 1801 889 1865 tua?

198 1898 254 1951 aut
270 1907 331 1971 ego
349 1885 472 1951 diffusis
491 1887 592 1951 erravi
611 1887 678 1952 sola
695 1887 827 1972 capillis,

240 1971 342 2054 qualis
360 1972 402 2036 ab
421 1969 552 2074 Ogygio
571 1973 694 2038 concita
711 1973 841 2037 Baccha
859 1972 934 2038 deo:

198 2067 254 2122 aut
269 2078 358 2123 mare
374 2057 571 2144 prospiciens
588 2059 622 2122 in
639 2080 716 2122 saxo
734 2058 851 2143 frigida
868 2057 946 2135 sedi,

147 2165 180 2212 5ο
239 2164 400 2227 quamque
416 2143 498 2229 lapis
514 2144 622 2222 sedes,
640 2154 707 2208 tam
722 2144 804 2229 lapis
821 2145 891 2229 ipsa
907 2142 964 2208 fui.

198 2251 292 2315 saepe
309 2238 415 2294 torum
432 2239 556 2315 repeto,
575 2230 631 2314 qui
646 2252 704 2294 nos
723 2238 888 2315 acceperat
906 2229 1028 2307 ambos,

239 2314 295 2380 sed
311 2335 377 2379 non
394 2325 542 2401 acceptos
559 2315 756 2381 exhibiturus
774 2327 851 2390 erat,

197 2408 229 2464 et
245 2410 315 2478 tua,
333 2420 416 2483 quae
432 2421 578 2486 possum,
595 2423 653 2487 pro
671 2413 702 2466 te
721 2401 854 2487 vestigia
871 2411 968 2487 tango

240 2495 415 2571 strataque,
432 2508 515 2570 quae
533 2486 684 2553 membris
700 2486 864 2571 intepuere
882 2487 955 2551 tuis.

146 2592 178 2640 55
195 2570 360 2648 incumbo,
377 2571 578 2657 lacrimisque
595 2583 664 2637 toro
682 2583 830 2636 manante
869 2572 986 2637 rofusis

239 2658 439 2758 ‘pressimus'
458 2658 600 2723 exclamo
619 2663 665 2722 ‘te
682 2658 760 2722 duo:
778 2658 833 2723 red
858 2682 875 2723 e
893 2658 982 2722 duos.

196 2764 341 2808 venrmus
357 2742 421 2808 huc
438 2744 548 2808 ambo:
567 2766 623 2808 cur
639 2765 704 2808 non
722 2743 913 2809 discedimus
931 2743 1044 2808 ambo?

237 2829 374 2913 perfide,
391 2851 465 2914 pars
482 2829 598 2906 nostri,
616 2829 745 2906 lectule,
763 2829 864 2893 maior
880 2828 936 2893 ubi
954 2829 1033 2894 estl’

196 2914 274 2998 quid
290 2913 426 2979 faciam?
447 2935 511 2998 quo
529 2915 597 2981 sola
613 2915 716 2981 ferar?
741 2926 835 2980 vacat
851 2914 956 2979 insula
974 2915 1076 2992 cultu;

145 3021 178 3070 oo
237 3022 301 3065 non
319 2999 484 3066 hominum
501 3001 607 3077 video,
626 3023 690 3065 non
707 3023 768 3085 ego
785 2999 871 3066 facta
887 3000 996 3065 boum.

194 3106 288 3151 omne
305 3087 389 3150 latus
406 3096 509 3152 terrae
526 3087 625 3172 cingit
642 3109 730 3151 mare
735 3111 745 3164 ;
762 3086 870 3152 navita
886 3107 1054 3170 nusquam;

236 3172 325 3237 nulla
341 3194 399 3257 per
415 3172 582 3258 ambiguas
600 3171 716 3257 puppis
733 3173 817 3236 itura
834 3173 912 3236 vias.

193 3257 279 3344 finge
297 3258 366 3337 dari
384 3257 577 3342 comitesque
595 3257 673 3322 mihi
692 3269 865 3341 ventosque
883 3268 1060 3342 ratemque:

236 3344 314 3427 quid
331 3344 465 3429 sequar?
490 3365 636 3408 accessus
653 3354 738 3408 terra
753 3354 885 3428 paterna
902 3354 1009 3430 negat.

144 3450 176 3499 65
193 3438 230 3494 ut
246 3440 314 3494 rate
330 3430 416 3495 felici
432 3440 546 3516 pacata
562 3452 620 3514 per
636 3450 776 3512 aequora
793 3429 891 3505 labar,

236 3526 390 3600 temperet
406 3528 442 3580 ut
459 3525 571 3580 ventos
588 3514 725 3579 Aeolus:
744 3515 819 3579 exul
836 3514 903 3579 erol

193 3621 259 3665 non
277 3622 337 3686 ego
355 3612 401 3678 te,
421 3598 516 3666 Crete
534 3609 661 3666 centum
678 3599 802 3684 digesta
818 3623 875 3685 per
892 3600 998 3677 urbes,

237 3687 402 3771 aspiciam,
420 3707 519 3772 puero
536 3684 665 3771 cognita
681 3695 765 3750 terra
781 3686 862 3750 Iovi.

194 3782 228 3835 at
243 3782 334 3857 pater
351 3781 383 3837 et
400 3772 492 3836 tellus
509 3771 592 3836 iusto
609 3780 743 3857 regnata
759 3771 884 3857 parenti

144 3880 177 3927 ro
235 3857 360 3942 prodita
377 3868 450 3922 sunt
468 3857 568 3935 facto,
585 3857 715 3922 nomina
732 3880 819 3934 cara,
837 3880 919 3933 mec,

195 3963 268 4006 oum
285 3943 356 4020 tibi,
373 3966 414 4008 ne
431 3943 532 4008 victor
549 3955 631 4008 teoto
649 3966 806 4008 morerere
823 3965 967 4019 recurvo,

235 4049 317 4111 quae
335 4039 480 4115 regerent
496 4050 623 4115 passus,
641 4051 701 4130 pro
716 4031 797 4094 duee
814 4029 868 4094 fila
886 4028 973 4095 dedi:
1066 4063 1067 4066 ¹

194 4135 267 4177 cum
286 4114 362 4179 mihi
380 4115 506 4180 dicebas
526 4120 596 4200 ‘per
614 4137 674 4200 ego
692 4138 762 4200 rpsa
779 4115 920 4200 pericula
936 4115 1016 4192 iuro,

235 4211 266 4264 te
283 4200 366 4279 fore,
385 4201 461 4266 dum
477 4213 621 4265 nostrum
639 4201 725 4265 vivet
742 4211 890 4284 uterque,
908 4200 1033 4266 meam?

144 4308 175 4354 75
194 4284 346 4362 vivimus,
364 4297 395 4351 et
412 4308 477 4350 non
494 4309 581 4363 sum,
599 4285 743 4362 Theseu,
760 4297 816 4350 tua
832 4285 875 4370 (si
891 4287 986 4352 modo
1004 4287 1110 4375 vivis),

235 4371 354 4435 femina
371 4373 488 4457 periuri
505 4373 617 4436 fraude
635 4372 760 4457 sepulta
777 4371 846 4436 viri.

192 4478 243 4522 me
260 4477 401 4540 quoque,
419 4479 484 4542 qua
499 4458 644 4534 fratrem,
661 4467 848 4536 mactasses,
865 4457 1024 4543 improbe,
1042 4458 1147 4527 claval

235 4554 317 4608 esset
321 4590 330 4620 ,
350 4564 446 4626 quam
463 4544 610 4621 dederas,
626 4553 728 4608 morte
746 4544 851 4609 soluta
866 4543 955 4609 fides.

102 4702 105 4707 ,
184 4650 276 4694 nuno
291 4644 355 4715 ego
368 4649 435 4695 non
452 4639 591 4710 tantum,
607 4650 690 4714 quae
707 4651 780 4695 sum
796 4653 942 4718 passura,
959 4630 1117 4710 recordor,
