2604 4974
257 352 464 415 nonomen
480 354 560 414 xrv.
580 356 705 413 rar-132.
726 354 791 414 xv.
811 354 904 416 1-a1.
1049 339 1091 410 51

104 479 219 546 infelix
236 501 300 545 uuo
317 479 415 545 fratre
432 493 580 546 manente
598 481 720 545 cadam.

63 578 96 631 at
113 578 164 645 tu,
182 567 276 650 siqua
292 566 378 715 piae,
396 566 547 651 Lynceu‚
565 567 624 631 tibi
643 589 719 631 cura
737 567 861 644 sororis,

105 673 254 737 quaeque
271 652 294 716 ti
318 652 329 715 i
346 651 442 716 tribui
460 676 607 728 munera,
626 653 742 738 dignus
760 653 869 729 habes,

63 740 114 804 vel
133 739 183 803 fer
199 759 293 823 opem
312 738 363 802 vel
381 738 462 804 dede
479 739 549 803 neci
555 763 564 815 ;
583 739 796 823 defunctaque
814 740 880 804 vita

109 846 244 909 corpora
262 823 388 888 furtivis
405 824 536 911 insuper
554 825 636 888 adde
654 825 751 911 rogis,

63 923 95 977 et
113 910 214 995 sepeli
231 910 368 975 lacrimis
387 910 517 996 perfusa
533 910 681 975 fidelibus
699 933 781 987 ossa,

106 997 295 1080 sculptaque
313 996 376 1059 sint
393 996 484 1060 titulo
503 1011 611 1060 nostra
629 997 798 1082 sepulchra
816 997 904 1061 brevi

64 1082 154 1147 ‘exul
172 1082 403 1167 Hypermestra
419 1118 464 1143 .—
479 1083 617 1167 pretium
635 1083 760 1183 pietatis
777 1083 924 1167 iniquum
941 1119 978 1130 -

106 1188 204 1251 quam
222 1180 356 1232 mortem
374 1167 465 1231 fratri
483 1169 617 1253 depulit,
635 1192 704 1254 ipsa
722 1169 813 1232 tulit.’
1112 1188 1159 1238 130

65 1254 204 1319 scribere
223 1255 315 1338 plura
332 1254 423 1318 libet:
443 1255 500 1318 sed
516 1255 656 1341 pondere
674 1255 764 1339 lapsa
781 1265 912 1321 catenae

105 1352 155 1406 est
173 1361 302 1417 manus,
321 1350 353 1404 et
371 1340 453 1404 vires
472 1340 628 1404 subtrahit
646 1339 715 1425 ipse
733 1341 836 1406 timor.

538 1494 617 1562 XV.

64 1598 158 1664 Hanc
176 1598 235 1663 tihi
251 1597 429 1663 Priamides
448 1599 551 1676 mitto,
571 1599 715 1676 Ledaea,
735 1599 879 1676 salutem,
1061 1615 1140 1667 Paris

105 1706 190 1769 quae
208 1684 304 1749 tribui
322 1685 390 1749 sola
408 1698 439 1750 te
458 1685 534 1749 mihi
553 1685 648 1749 dante
666 1695 780 1770 potest.
1035 1684 1159 1737 Helenae

64 1771 207 1855 eloquar,
226 1793 268 1834 an
285 1770 432 1835 flammae
450 1794 514 1835 non
533 1783 581 1836 est
599 1793 678 1856 opus
696 1770 800 1835 indice
817 1782 921 1847 notae,

105 1869 139 1922 et
155 1857 229 1941 plus
247 1878 344 1941 quam
362 1857 492 1933 vellem,
510 1857 574 1921 iam
592 1880 683 1922 meus
701 1868 789 1922 extat
806 1859 914 1921 amor?

61 1943 115 2009 ille
135 1942 264 2027 quidem
282 1943 379 2007 lateat
396 1943 519 2020 malim,
538 1944 614 2007 dum
633 1955 776 2029 tempora
794 1943 908 2007 dentur
1110 1961 1125 2008 5

102 2028 244 2094 laetitiae
262 2028 378 2093 mixtos
395 2051 460 2093 non
476 2030 624 2093 habitura
641 2042 755 2094 metus.

62 2115 121 2181 sed
139 2116 223 2179 male
242 2114 415 2181 dissimulo.
460 2116 531 2199 quis
550 2115 635 2180 enim
654 2115 803 2180 celaverit
819 2114 937 2200 ignem,

105 2200 228 2265 lumine
246 2200 301 2283 qui
320 2224 445 2286 semper
461 2201 607 2286 proditur
623 2202 692 2286 ipse
710 2201 788 2266 suo?

60 2287 88 2351 si
106 2300 216 2351 tamen
235 2298 400 2372 expectas,
420 2309 531 2352 vocem
549 2308 676 2372 quoque
693 2286 789 2352 rebus
806 2298 843 2350 ut
860 2286 992 2351 addam:

104 2394 182 2438 uror
198 2408 242 2418 —
258 2372 358 2437 habes
377 2373 474 2437 animi
490 2374 602 2438 nuntia
620 2373 718 2438 verba
735 2373 812 2438 meil

59 2480 173 2546 parce,
191 2481 313 2544 precor,
331 2459 427 2536 fasso,
445 2481 505 2524 nec
524 2460 614 2524 vultu
632 2470 736 2524 cetera
754 2459 834 2523 duro

103 2545 251 2630 perlege,
270 2545 327 2609 sed
344 2544 466 2611 formae
485 2545 691 2610 conveniente
709 2556 793 2609 tuae.

59 2630 251 2697 iamdudum
269 2642 396 2716 gratum
415 2642 477 2707 est,
497 2632 582 2715 quod
601 2631 737 2717 epistula
754 2641 862 2695 nostra
879 2644 1010 2717 recepta

105 2739 197 2804 spem
215 2715 305 2792 facit,
323 2717 384 2781 hoc
401 2718 501 2803 recipi
518 2742 570 2784 me
587 2739 716 2802 quoque
734 2740 827 2802 posse
844 2718 954 2781 modo:

60 2824 147 2889 quae
164 2813 235 2867 rata
252 2801 306 2879 sit3
324 2825 384 2868 nec
403 2814 434 2868 te
452 2804 570 2869 frustra
587 2803 779 2890 promiserit,
797 2814 883 2887 opto,

105 2889 167 2954 hoo
185 2887 263 2952 mihi
281 2909 363 2971 quae
381 2891 497 2967 suasit,
514 2900 616 2955 mater
633 2890 778 2964 Amoris,
796 2890 865 2954 iter.

60 2995 202 3058 namque
222 2995 282 3060 ego
300 2974 408 3039 divino
426 2975 548 3040 monitu
565 3013 609 3022 —
625 2998 666 3040 ne
683 2975 791 3040 nescia
808 2997 921 3061 pecces
938 3011 981 3021 —

106 3060 258 3137 advehor,
277 3071 309 3125 et
327 3072 441 3147 coepto
457 3083 523 3125 non
540 3062 610 3126 leve
629 3085 747 3126 numen
765 3062 865 3126 adest.

61 3146 206 3233 praemia
223 3168 342 3231 magna
360 3147 503 3231 quidem,
523 3149 579 3212 sed
596 3170 660 3212 non
677 3147 818 3213 indebita
835 3169 946 3232 poscor

105 3232 247 3318 pollicita
265 3244 313 3297 est
330 3233 471 3297 thalamo
489 3243 521 3298 te
540 3231 701 3318 Cytherea
718 3255 800 3299 meo.

62 3318 125 3382 hac
143 3318 224 3383 duce
244 3317 342 3403 Sigeo
360 3319 473 3384 dubias
492 3343 511 3384 a
528 3319 619 3384 litore
637 3319 699 3384 feci

105 3404 204 3489 longa
220 3402 395 3470 Phereclea
412 3428 469 3490 per
486 3404 568 3470 freta
585 3428 693 3491 puppe
711 3406 789 3470 vias.

61 3489 118 3554 illa
135 3489 224 3554 dedit
240 3489 351 3555 faciles
369 3515 463 3556 auras
480 3503 655 3574 ventosque
673 3493 844 3556 secundos:

105 3575 141 3639 in
158 3598 246 3641 mare
264 3576 413 3641 nimirum
431 3578 480 3641 ius
498 3577 609 3654 habet,
629 3587 698 3640 orta
715 3577 805 3641 mari.

61 3671 198 3748 perstet,
217 3671 249 3726 et
265 3674 302 3727 ut
318 3663 440 3748 pelagi,
459 3663 505 3728 sic
522 3663 659 3749 pectoris
678 3662 806 3727 adiuvet
823 3674 956 3740 aestum,

106 3746 231 3813 deferat
247 3747 281 3811 in
298 3759 409 3833 portus
427 3759 459 3813 et
476 3772 548 3814 mea
565 3759 639 3813 vota
658 3770 742 3812 suos.

61 3833 228 3899 attulimus
245 3834 403 3911 flammas,
422 3857 485 3899 non
504 3835 555 3899 hic
573 3835 764 3910 invenimus,
782 3834 868 3898 illas:

106 3918 169 3984 hae
186 3918 264 3983 mihi
281 3929 346 3983 tam
365 3921 480 4005 longae
498 3943 594 3984 causa
611 3920 700 3985 fuere
718 3920 799 3984 viae.

61 4028 140 4073 uam
156 4026 262 4089 neque
280 4005 376 4070 tristis
394 4006 532 4092 hiemps,
550 4028 655 4090 neque
672 4027 730 4071 nos
748 4005 811 4070 huo
829 4006 953 4092 appulit
971 4028 1071 4072 error:

105 4090 262 4157 Taenaris
280 4102 328 4155 est
345 4092 438 4156 classi
455 4103 540 4156 terra
556 4093 655 4178 petita
672 4114 773 4158 meae.
1119 4109 1160 4155 aa

61 4200 126 4249 neo
142 4200 196 4245 me
214 4178 306 4243 crede
321 4178 438 4244 lictum
456 4202 580 4248 meroes
600 4192 755 4271 portante
773 4179 889 4249 carina

919 4279 956 4338 ⁴⁸
