2604 4974
77 4576 132 4689 't-

153 848 157 853 -
201 797 241 864 96
368 846 371 850 -
540 812 573 870 P.
593 813 702 871 OVIDI
719 812 882 876 NASONIS

199 937 338 1001 Tithono
356 937 469 1002 vellem
489 938 527 1002 de
546 949 577 1002 te
594 961 723 1003 narrare
740 938 862 1004 liceret:

241 1023 361 1089 femina
377 1045 442 1087 non
460 1025 547 1088 caelo
565 1024 686 1109 turpior
703 1026 769 1088 ulla
785 1025 877 1089 foret.

149 1128 181 1176 ³5
198 1107 287 1173 illum
306 1109 382 1172 dum
399 1109 535 1192 refugis,
553 1109 650 1195 longo
667 1111 743 1192 quia
759 1110 909 1194 grandior
926 1133 1014 1188 aevo,

242 1195 345 1280 surgis
363 1194 404 1258 ad
421 1195 539 1259 invisas
558 1219 577 1258 a
594 1217 669 1260 sene
687 1218 780 1260 mane
797 1208 893 1260 rotas.

199 1290 232 1343 at
249 1279 290 1356 si,
309 1300 404 1363 quem
421 1280 539 1358 mavis,
559 1278 739 1365 Cephalum
757 1283 923 1366 complexa
940 1292 1073 1357 teneres,

242 1365 394 1430 clamares
412 1367 511 1431 ‘lente
529 1366 658 1442 currite,
676 1367 778 1430 noctis
796 1366 899 1449 equil’

198 1472 255 1515 our
273 1473 333 1536 ego
350 1452 471 1536 plectar
488 1474 612 1527 amans,
631 1453 657 1515 si
676 1452 724 1514 vir
740 1451 798 1515 tibi
815 1462 934 1516 marcet
951 1453 992 1517 ab
1011 1453 1121 1517 annis?

148 1558 181 1605 40
240 1559 318 1600 num
335 1559 386 1602 mc
404 1536 540 1622 nupsisti
557 1537 744 1602 conciliante
763 1536 850 1602 seni?

198 1623 320 1708 aspice,
337 1633 416 1706 quot
433 1645 560 1687 somnos
578 1623 686 1687 iuveni
704 1623 827 1686 donarit
845 1635 950 1687 amato

241 1708 351 1783 Luna:
369 1730 474 1791 neque
494 1708 579 1773 illius
597 1708 699 1772 forma
716 1708 856 1773 secunda
873 1720 957 1773 tuae.

197 1792 266 1878 ipse
284 1794 379 1858 deum
396 1795 529 1878 genitor,
547 1816 588 1858 ne
606 1805 636 1858 te
654 1806 719 1858 tam
737 1817 833 1879 saepe
851 1794 981 1871 videret,

240 1879 397 1944 commisit
413 1890 521 1945 noctes
537 1879 572 1944 in
589 1902 648 1943 sua
664 1890 739 1944 vota
757 1879 856 1943 duas?

147 1983 181 2032 45
197 1963 302 2050 iurgia
318 1964 471 2030 finieram.
516 1965 611 2031 scires
630 1965 770 2030 audisse:
788 1965 933 2031 rubebat.

240 2073 299 2116 nec
316 2062 423 2117 tamen
441 2052 573 2116 adsueto
592 2051 713 2116 tardius
731 2062 801 2117 orta
820 2051 896 2118 dies.

664 2205 760 2271 XIV.

197 2307 354 2374 Dicebam
373 2308 545 2374 ‘medicare
563 2320 634 2373 tuos
653 2308 768 2373 desiste
787 2308 948 2392 capillosl'

240 2394 361 2481 tingere
379 2417 476 2479 quam
492 2395 608 2480 possis,
626 2393 690 2457 iam
707 2393 764 2457 tibi
781 2395 869 2458 nulla
887 2417 978 2460 coma
995 2406 1053 2462 est.

198 2490 230 2543 at
247 2480 275 2543 si
292 2502 387 2565 passa
402 2479 503 2555 fores,
521 2517 564 2526 —
581 2479 658 2563 quid
676 2490 743 2544 erat
760 2480 929 2564 spatiosius
946 2480 1027 2547 illis?
1044 2519 1088 2532 -

241 2565 438 2651 contigerant
455 2565 569 2642 imum,
588 2587 653 2648 qua
669 2575 759 2650 patet
776 2587 891 2649 usque,
909 2567 1002 2632 latus.

164 2670 179 2717 5
197 2651 289 2734 quid,
308 2651 394 2735 quod
412 2662 502 2716 erant
519 2663 645 2726 tenues,
663 2662 695 2715 et
712 2672 792 2734 quos
810 2672 922 2717 ornare
939 2651 1075 2730 timeres,

239 2738 310 2802 vela
327 2736 457 2802 colorati
474 2736 580 2819 qualia
598 2735 692 2802 Seres
709 2735 837 2812 habent,

197 2823 248 2887 vel
265 2823 347 2908 pede
365 2823 451 2907 quod
468 2823 578 2908 gracili
596 2822 724 2888 deducit
741 2845 857 2887 aranea
873 2823 973 2902 filum,

240 2930 313 2973 cum
329 2909 400 2974 leve
419 2909 544 2973 deserta
560 2909 621 2972 sub
638 2908 727 2974 trabe
745 2907 844 2972 nectit
861 2931 950 2994 opus.

196 3015 256 3059 nec
273 3006 380 3060 tamen
398 3004 466 3060 ater
483 3006 563 3070 erat,
581 3017 641 3059 nec
659 3005 726 3059 erat
743 3004 850 3058 tamen
868 3018 983 3060 aureus
1000 2995 1063 3072 ille,

148 3100 180 3148 10
240 3080 311 3156 sed,
329 3080 475 3164 quamvis
492 3091 617 3155 neuter,
635 3079 752 3143 mixtus
770 3091 904 3163 uterque
922 3083 1022 3146 color:

197 3166 323 3248 qualem
340 3166 478 3230 clivosae
495 3165 629 3229 madidis
647 3165 680 3228 in
697 3165 832 3228 vallibus
852 3166 928 3232 ldae

240 3250 341 3316 ardua
357 3252 487 3338 derepto
505 3251 620 3316 cortice
639 3251 751 3315 cedrus
768 3250 874 3314 habet.

197 3336 278 3401 adde
296 3338 382 3420 quod
400 3348 431 3402 et
449 3337 566 3402 dociles
584 3348 616 3401 et
633 3347 760 3401 centum
777 3336 912 3400 flexibus
930 3337 996 3422 apti

239 3432 271 3486 et
287 3422 345 3487 tibi
362 3422 480 3487 nullius
498 3445 594 3487 causa
612 3421 728 3486 doloris
747 3435 846 3486 erant.

147 3527 178 3576 15
195 3528 260 3572 non
277 3529 353 3573 acus
371 3508 511 3593 abrupit,
529 3530 594 3572 non
611 3508 730 3571 vallum
747 3507 879 3593 pectinis
896 3507 977 3574 illos.

168 3609 169 3615 ’
238 3593 377 3658 ornatrix
394 3604 463 3657 tuto
482 3615 613 3678 corpore
632 3615 756 3677 semper
773 3605 849 3658 erat.

196 3690 270 3744 ante
287 3700 374 3743 meos
392 3701 487 3764 saepe
505 3691 553 3744 est
570 3678 678 3744 oculos
696 3690 820 3755 ornata,
837 3700 897 3742 neo
914 3700 1066 3762 umquam

239 3763 387 3828 bracchia
404 3764 534 3850 derepta
551 3764 660 3829 saucia
676 3763 753 3829 fecit
770 3786 840 3829 acu.

196 3872 290 3936 saepe
308 3849 417 3927 etiam,
435 3850 576 3915 nondum
594 3848 724 3936 digestis
741 3873 835 3915 mane
853 3850 984 3935 capillis,

145 3956 179 4006 20
238 3958 398 4022 purpureo
415 3936 512 4001 iacuit
529 3935 722 4022 semisupina
739 3946 817 4000 toro.

194 4031 263 4086 tum
280 4042 408 4106 quoque
424 4032 493 4087 erat
508 4022 649 4087 neclecta
666 4021 795 4098 decens,
812 4031 848 4084 ut
865 4021 1002 4087 Threcia
1018 4021 1157 4101 Bacche,

238 4129 311 4171 cum
329 4118 447 4173 temere
464 4107 497 4172 in
515 4106 608 4173 viridi
624 4107 768 4193 gramine
784 4108 869 4172 lassa
885 4106 976 4172 iacet.

195 4214 268 4257 cum
285 4193 419 4280 graciles
437 4205 541 4259 essent
558 4206 664 4259 tamen
681 4206 713 4259 et
729 4193 889 4278 lanuginis
905 4193 1014 4270 instar,

237 4277 315 4356 heu,
332 4280 415 4345 male
432 4290 566 4344 vexatas
583 4290 701 4363 quanta
718 4278 819 4344 tulere
836 4277 960 4343 comael

137 4382 177 4433 do
193 4384 291 4448 quam
308 4387 343 4430 ss
358 4365 574 4451 praebuenrnt
588 4364 674 4429 ferro
690 4364 846 4449 patienter
863 4376 896 4428 et
911 4363 988 4450 igni,
1045 4451 1048 4459 Ι

236 4461 273 4515 ut
289 4449 379 4517 lieret
395 4462 477 4516 torto
493 4450 607 4516 nexilis
624 4449 700 4515 orbe
718 4448 821 4514 sinusl

194 4534 372 4601 clamabam
389 4537 508 4602 ‘scelus
525 4547 574 4602 est
589 4535 682 4613 istos,
700 4535 804 4600 scelus
820 4556 912 4600 urere
928 4533 1042 4599 crines.

235 4632 349 4713 sponte
364 4620 492 4689 decent:
510 4621 619 4709 capiti,
636 4621 755 4700 ferrea,
772 4642 868 4708 parce
884 4619 954 4689 tuol

1100 4718 1108 4734 t

1093 4758 1098 4787 l

1063 4792 1105 4948 l.
