<?xml version="1.0" encoding="UTF-8"?>
<!DOCTYPE html PUBLIC "-//W3C//DTD XHTML 1.0 Transitional//EN"
    "http://www.w3.org/TR/xhtml1/DTD/xhtml1-transitional.dtd">
<html xmlns="http://www.w3.org/1999/xhtml" xml:lang="en" lang="en">
 <head>
  <title>
</title>
<meta http-equiv="Content-Type" content="text/html;charset=utf-8" />
  <meta name='ocr-system' content='tesseract 3.04.00' />
  <meta name='ocr-capabilities' content='ocr_page ocr_carea ocr_par ocr_line ocrx_word'/>
</head>
<body>
  <div class='ocr_page' id='page_1' title='image "./carmina04ovidgoog_0203.png"; bbox 0 0 2604 4974; ppageno 0'>
   <div class='ocr_carea' id='block_1_1' title="bbox 254 678 934 752">
    <p class='ocr_par' dir='ltr' id='par_1_1' title="bbox 254 678 934 752">
     <span class='ocr_line' id='line_1_1' title="bbox 254 678 934 752; baseline 0.009 -9"><span class='ocrx_word' id='word_1_1' title='bbox 254 678 317 744; x_wconf 90' lang='grc'>180</span> <span class='ocrx_word' id='word_1_2' title='bbox 591 693 624 748; x_wconf 92' lang='lat' dir='ltr'>P.</span> <span class='ocrx_word' id='word_1_3' title='bbox 644 693 754 752; x_wconf 87' lang='lat' dir='ltr'>OVIDI</span> <span class='ocrx_word' id='word_1_4' title='bbox 771 691 934 750; x_wconf 78' lang='lat' dir='ltr'>NASONIS</span> 
     </span>
    </p>
   </div>
   <div class='ocr_carea' id='block_1_2' title="bbox 102 816 1214 4585">
    <p class='ocr_par' dir='ltr' id='par_1_2' title="bbox 102 816 1214 4585">
     <span class='ocr_line' id='line_1_2' title="bbox 297 816 1018 902; baseline 0 -22"><span class='ocrx_word' id='word_1_5' title='bbox 297 816 415 900; x_wconf 82' lang='lat' dir='ltr'>elegat,</span> <span class='ocrx_word' id='word_1_6' title='bbox 434 826 465 882; x_wconf 89' lang='lat' dir='ltr'>et</span> <span class='ocrx_word' id='word_1_7' title='bbox 483 818 646 902; x_wconf 90' lang='lat' dir='ltr'>speculum</span> <span class='ocrx_word' id='word_1_8' title='bbox 665 817 808 882; x_wconf 89' lang='lat' dir='ltr'>consulat</span> <span class='ocrx_word' id='word_1_9' title='bbox 825 826 898 881; x_wconf 86' lang='lat' dir='ltr'>ante</span> <span class='ocrx_word' id='word_1_10' title='bbox 915 838 1018 880; x_wconf 90' lang='lat' dir='ltr'>suum.</span> 
     </span>
     <span class='ocr_line' id='line_1_3' title="bbox 253 901 1027 988; baseline 0.003 -23"><span class='ocrx_word' id='word_1_11' title='bbox 253 901 350 985; x_wconf 87' lang='lat' dir='ltr'>longa</span> <span class='ocrx_word' id='word_1_12' title='bbox 367 901 481 986; x_wconf 90' lang='lat' dir='ltr'>probat</span> <span class='ocrx_word' id='word_1_13' title='bbox 498 902 595 966; x_wconf 89' lang='lat' dir='ltr'>facies</span> <span class='ocrx_word' id='word_1_14' title='bbox 615 902 725 987; x_wconf 87' lang='lat' dir='ltr'>capitis</span> <span class='ocrx_word' id='word_1_15' title='bbox 744 902 924 967; x_wconf 89' lang='lat' dir='ltr'>discrimina</span> <span class='ocrx_word' id='word_1_16' title='bbox 941 903 1027 988; x_wconf 89' lang='lat' dir='ltr'>puri:</span> 
     </span>
     <span class='ocr_line' id='line_1_4' title="bbox 297 987 883 1053; baseline 0.003 -3"><span class='ocrx_word' id='word_1_17' title='bbox 297 988 342 1051; x_wconf 92' lang='lat' dir='ltr'>sic</span> <span class='ocrx_word' id='word_1_18' title='bbox 360 1000 426 1052; x_wconf 92' lang='lat' dir='ltr'>erat</span> <span class='ocrx_word' id='word_1_19' title='bbox 445 987 562 1052; x_wconf 90' lang='lat' dir='ltr'>ornatis</span> <span class='ocrx_word' id='word_1_20' title='bbox 581 988 758 1053; x_wconf 83' lang='lat' dir='ltr'>Laodamia</span> <span class='ocrx_word' id='word_1_21' title='bbox 776 987 883 1052; x_wconf 89' lang='lat' dir='ltr'>comis.</span> 
     </span>
     <span class='ocr_line' id='line_1_5' title="bbox 254 1073 1045 1160; baseline 0.003 -23"><span class='ocrx_word' id='word_1_22' title='bbox 254 1073 406 1158; x_wconf 85' lang='lat' dir='ltr'>exiguum</span> <span class='ocrx_word' id='word_1_23' title='bbox 423 1096 547 1137; x_wconf 88' lang='lat' dir='ltr'>summa</span> <span class='ocrx_word' id='word_1_24' title='bbox 564 1074 682 1138; x_wconf 91' lang='lat' dir='ltr'>nodum</span> <span class='ocrx_word' id='word_1_25' title='bbox 702 1074 762 1138; x_wconf 87' lang='lat' dir='ltr'>sibi</span> <span class='ocrx_word' id='word_1_26' title='bbox 779 1074 882 1139; x_wconf 85' lang='lat' dir='ltr'>fronte</span> <span class='ocrx_word' id='word_1_27' title='bbox 900 1073 1045 1160; x_wconf 87' lang='lat' dir='ltr'>relinqui,</span> 
     </span>
     <span class='ocr_line' id='line_1_6' title="bbox 186 1159 965 1244; baseline -0.001 -18"><span class='ocrx_word' id='word_1_28' title='bbox 186 1178 236 1228; x_wconf 86' lang='grc'>140</span> <span class='ocrx_word' id='word_1_29' title='bbox 296 1171 331 1222; x_wconf 88' lang='lat' dir='ltr'>ut</span> <span class='ocrx_word' id='word_1_30' title='bbox 349 1169 478 1244; x_wconf 87' lang='lat' dir='ltr'>pateant</span> <span class='ocrx_word' id='word_1_31' title='bbox 496 1181 601 1236; x_wconf 89' lang='lat' dir='ltr'>aures,</span> <span class='ocrx_word' id='word_1_32' title='bbox 620 1182 675 1225; x_wconf 90' lang='lat' dir='ltr'>ora</span> <span class='ocrx_word' id='word_1_33' title='bbox 692 1160 828 1224; x_wconf 90' lang='lat' dir='ltr'>rotunda</span> <span class='ocrx_word' id='word_1_34' title='bbox 845 1159 965 1225; x_wconf 89' lang='lat' dir='ltr'>volunt.</span> 
     </span>
     <span class='ocr_line' id='line_1_7' title="bbox 254 1244 964 1329; baseline 0.004 -22"><span class='ocrx_word' id='word_1_35' title='bbox 254 1244 381 1308; x_wconf 89' lang='lat' dir='ltr'>alterius</span> <span class='ocrx_word' id='word_1_36' title='bbox 400 1245 501 1309; x_wconf 87' lang='lat' dir='ltr'>crines</span> <span class='ocrx_word' id='word_1_37' title='bbox 519 1268 628 1310; x_wconf 90' lang='lat' dir='ltr'>umero</span> <span class='ocrx_word' id='word_1_38' title='bbox 645 1247 801 1311; x_wconf 91' lang='lat' dir='ltr'>iactentur</span> <span class='ocrx_word' id='word_1_39' title='bbox 817 1256 964 1329; x_wconf 86' lang='lat' dir='ltr'>utroque:</span> 
     </span>
     <span class='ocr_line' id='line_1_8' title="bbox 296 1330 1011 1416; baseline 0.006 -24"><span class='ocrx_word' id='word_1_40' title='bbox 296 1330 367 1394; x_wconf 87' lang='lat' dir='ltr'>talis</span> <span class='ocrx_word' id='word_1_41' title='bbox 385 1353 419 1394; x_wconf 91' lang='lat' dir='ltr'>es</span> <span class='ocrx_word' id='word_1_42' title='bbox 437 1331 621 1416; x_wconf 90' lang='lat' dir='ltr'>adsumpta,</span> <span class='ocrx_word' id='word_1_43' title='bbox 639 1331 771 1397; x_wconf 86' lang='lat' dir='ltr'>Phoebe</span> <span class='ocrx_word' id='word_1_44' title='bbox 790 1354 914 1406; x_wconf 88' lang='lat' dir='ltr'>canore,</span> <span class='ocrx_word' id='word_1_45' title='bbox 932 1331 1011 1416; x_wconf 81' lang='lat' dir='ltr'>lyra.</span> 
     </span>
     <span class='ocr_line' id='line_1_9' title="bbox 254 1415 974 1502; baseline 0.003 -23"><span class='ocrx_word' id='word_1_46' title='bbox 254 1415 353 1480; x_wconf 87' lang='lat' dir='ltr'>altera</span> <span class='ocrx_word' id='word_1_47' title='bbox 371 1416 548 1482; x_wconf 81' lang='lat' dir='ltr'>succinctae</span> <span class='ocrx_word' id='word_1_48' title='bbox 566 1417 717 1502; x_wconf 84' lang='lat' dir='ltr'>religetur</span> <span class='ocrx_word' id='word_1_49' title='bbox 734 1439 821 1482; x_wconf 91' lang='lat' dir='ltr'>more</span> <span class='ocrx_word' id='word_1_50' title='bbox 838 1418 974 1492; x_wconf 88' lang='lat' dir='ltr'>Dianae,</span> 
     </span>
     <span class='ocr_line' id='line_1_10' title="bbox 296 1502 977 1589; baseline 0.001 -24"><span class='ocrx_word' id='word_1_51' title='bbox 296 1513 332 1565; x_wconf 89' lang='lat' dir='ltr'>ut</span> <span class='ocrx_word' id='word_1_52' title='bbox 350 1502 444 1578; x_wconf 89' lang='lat' dir='ltr'>solet,</span> <span class='ocrx_word' id='word_1_53' title='bbox 463 1502 610 1567; x_wconf 89' lang='lat' dir='ltr'>attonitas</span> <span class='ocrx_word' id='word_1_54' title='bbox 628 1525 701 1567; x_wconf 91' lang='lat' dir='ltr'>cum</span> <span class='ocrx_word' id='word_1_55' title='bbox 719 1502 797 1589; x_wconf 90' lang='lat' dir='ltr'>petit</span> <span class='ocrx_word' id='word_1_56' title='bbox 813 1503 867 1567; x_wconf 89' lang='lat' dir='ltr'>illa</span> <span class='ocrx_word' id='word_1_57' title='bbox 884 1503 977 1568; x_wconf 87' lang='lat' dir='ltr'>feras.</span> 
     </span>
     <span class='ocr_line' id='line_1_11' title="bbox 189 1586 982 1674; baseline -0.004 -19"><span class='ocrx_word' id='word_1_58' title='bbox 189 1605 237 1655; x_wconf 82' lang='grc'>145</span> <span class='ocrx_word' id='word_1_59' title='bbox 255 1586 330 1651; x_wconf 92' lang='lat' dir='ltr'>huic</span> <span class='ocrx_word' id='word_1_60' title='bbox 348 1587 438 1652; x_wconf 89' lang='lat' dir='ltr'>decet</span> <span class='ocrx_word' id='word_1_61' title='bbox 455 1588 578 1652; x_wconf 87' lang='lat' dir='ltr'>inflatos</span> <span class='ocrx_word' id='word_1_62' title='bbox 596 1589 668 1653; x_wconf 88' lang='lat' dir='ltr'>laxe</span> <span class='ocrx_word' id='word_1_63' title='bbox 685 1589 819 1654; x_wconf 91' lang='lat' dir='ltr'>iacuisse</span> <span class='ocrx_word' id='word_1_64' title='bbox 838 1589 982 1674; x_wconf 84' lang='lat' dir='ltr'>capillos:</span> 
     </span>
     <span class='ocr_line' id='line_1_12' title="bbox 102 1673 926 1759; baseline 0.002 -23"><span class='ocrx_word' id='word_1_65' title='bbox 102 1688 105 1695; x_wconf 84' lang='lat'>&#39;</span> <span class='ocrx_word' id='word_1_66' title='bbox 296 1673 351 1737; x_wconf 92' lang='lat' dir='ltr'>illa</span> <span class='ocrx_word' id='word_1_67' title='bbox 368 1673 408 1737; x_wconf 91' lang='lat' dir='ltr'>sit</span> <span class='ocrx_word' id='word_1_68' title='bbox 426 1673 581 1738; x_wconf 86' lang='lat' dir='ltr'>adstrictis</span> <span class='ocrx_word' id='word_1_69' title='bbox 598 1674 801 1759; x_wconf 87' lang='lat' dir='ltr'>impedienda</span> <span class='ocrx_word' id='word_1_70' title='bbox 819 1675 926 1739; x_wconf 88' lang='lat' dir='ltr'>comis.</span> 
     </span>
     <span class='ocr_line' id='line_1_13' title="bbox 253 1758 938 1845; baseline 0.001 -23"><span class='ocrx_word' id='word_1_71' title='bbox 253 1758 336 1823; x_wconf 91' lang='lat' dir='ltr'>hanc</span> <span class='ocrx_word' id='word_1_72' title='bbox 353 1759 456 1844; x_wconf 90' lang='lat' dir='ltr'>placet</span> <span class='ocrx_word' id='word_1_73' title='bbox 473 1760 577 1824; x_wconf 87' lang='lat' dir='ltr'>ornari</span> <span class='ocrx_word' id='word_1_74' title='bbox 595 1760 753 1825; x_wconf 84' lang='lat' dir='ltr'>testudine</span> <span class='ocrx_word' id='word_1_75' title='bbox 772 1758 938 1845; x_wconf 87' lang='lat' dir='ltr'>Cyllenea:</span> 
     </span>
     <span class='ocr_line' id='line_1_14' title="bbox 296 1845 935 1911; baseline -0.002 -2"><span class='ocrx_word' id='word_1_76' title='bbox 296 1845 450 1911; x_wconf 87' lang='lat' dir='ltr'>sustineat</span> <span class='ocrx_word' id='word_1_77' title='bbox 468 1845 583 1910; x_wconf 83' lang='lat' dir='ltr'>similes</span> <span class='ocrx_word' id='word_1_78' title='bbox 601 1846 749 1911; x_wconf 91' lang='lat' dir='ltr'>fluctibus</span> <span class='ocrx_word' id='word_1_79' title='bbox 767 1847 820 1910; x_wconf 90' lang='lat' dir='ltr'>illa</span> <span class='ocrx_word' id='word_1_80' title='bbox 838 1847 935 1910; x_wconf 83' lang='lat' dir='ltr'>sinus.</span> 
     </span>
     <span class='ocr_line' id='line_1_15' title="bbox 254 1930 1070 2017; baseline 0 -22"><span class='ocrx_word' id='word_1_81' title='bbox 254 1930 310 1996; x_wconf 90' lang='lat' dir='ltr'>sed</span> <span class='ocrx_word' id='word_1_82' title='bbox 327 1952 431 2014; x_wconf 89' lang='lat' dir='ltr'>neque</span> <span class='ocrx_word' id='word_1_83' title='bbox 448 1954 573 1995; x_wconf 89' lang='lat' dir='ltr'>ramosa</span> <span class='ocrx_word' id='word_1_84' title='bbox 590 1931 771 1997; x_wconf 87' lang='lat' dir='ltr'>numerabis</span> <span class='ocrx_word' id='word_1_85' title='bbox 788 1932 822 1996; x_wconf 89' lang='lat' dir='ltr'>in</span> <span class='ocrx_word' id='word_1_86' title='bbox 839 1931 909 1996; x_wconf 90' lang='lat' dir='ltr'>ilice</span> <span class='ocrx_word' id='word_1_87' title='bbox 927 1930 1070 2017; x_wconf 85' lang='lat' dir='ltr'>glandes,</span> 
     </span>
     <span class='ocr_line' id='line_1_16' title="bbox 186 2017 1141 2103; baseline -0.003 -18"><span class='ocrx_word' id='word_1_88' title='bbox 186 2036 236 2085; x_wconf 83' lang='lat'>150</span> <span class='ocrx_word' id='word_1_89' title='bbox 296 2039 356 2081; x_wconf 89' lang='lat' dir='ltr'>nec</span> <span class='ocrx_word' id='word_1_90' title='bbox 373 2027 450 2100; x_wconf 90' lang='lat' dir='ltr'>quot</span> <span class='ocrx_word' id='word_1_91' title='bbox 467 2039 543 2102; x_wconf 91' lang='lat' dir='ltr'>apes</span> <span class='ocrx_word' id='word_1_92' title='bbox 561 2018 703 2102; x_wconf 84' lang='lat' dir='ltr'>Hyblae,</span> <span class='ocrx_word' id='word_1_93' title='bbox 721 2039 781 2083; x_wconf 87' lang='lat' dir='ltr'>nec</span> <span class='ocrx_word' id='word_1_94' title='bbox 799 2029 875 2101; x_wconf 92' lang='lat' dir='ltr'>quot</span> <span class='ocrx_word' id='word_1_95' title='bbox 893 2017 925 2081; x_wconf 91' lang='lat' dir='ltr'>in</span> <span class='ocrx_word' id='word_1_96' title='bbox 943 2017 1027 2103; x_wconf 87' lang='lat' dir='ltr'>Alpe</span> <span class='ocrx_word' id='word_1_97' title='bbox 1045 2017 1141 2094; x_wconf 85' lang='lat' dir='ltr'>ferae,</span> 
     </span>
     <span class='ocr_line' id='line_1_17' title="bbox 253 2102 1214 2189; baseline -0.001 -22"><span class='ocrx_word' id='word_1_98' title='bbox 253 2125 312 2168; x_wconf 89' lang='lat' dir='ltr'>nec</span> <span class='ocrx_word' id='word_1_99' title='bbox 329 2102 407 2167; x_wconf 92' lang='lat' dir='ltr'>mihi</span> <span class='ocrx_word' id='word_1_100' title='bbox 423 2112 469 2167; x_wconf 92' lang='lat' dir='ltr'>tot</span> <span class='ocrx_word' id='word_1_101' title='bbox 485 2103 606 2188; x_wconf 89' lang='lat' dir='ltr'>positus</span> <span class='ocrx_word' id='word_1_102' title='bbox 624 2125 756 2169; x_wconf 90' lang='lat' dir='ltr'>numero</span> <span class='ocrx_word' id='word_1_103' title='bbox 774 2103 988 2189; x_wconf 88' lang='lat' dir='ltr'>conprendere</span> <span class='ocrx_word' id='word_1_104' title='bbox 1006 2104 1055 2167; x_wconf 89' lang='lat' dir='ltr'>fas</span> <span class='ocrx_word' id='word_1_105' title='bbox 1073 2115 1130 2168; x_wconf 89' lang='lat' dir='ltr'>est.</span> <span class='ocrx_word' id='word_1_106' title='bbox 1211 2116 1214 2123; x_wconf 89' lang='lat'>&#39;</span> 
     </span>
     <span class='ocr_line' id='line_1_18' title="bbox 297 2188 959 2274; baseline -0.002 -21"><span class='ocrx_word' id='word_1_107' title='bbox 297 2188 393 2253; x_wconf 91' lang='lat' dir='ltr'>adicit</span> <span class='ocrx_word' id='word_1_108' title='bbox 411 2203 540 2254; x_wconf 87' lang='lat' dir='ltr'>ornatus</span> <span class='ocrx_word' id='word_1_109' title='bbox 558 2190 703 2274; x_wconf 86' lang='lat' dir='ltr'>proxima</span> <span class='ocrx_word' id='word_1_110' title='bbox 720 2211 865 2274; x_wconf 90' lang='lat' dir='ltr'>quaeque</span> <span class='ocrx_word' id='word_1_111' title='bbox 883 2189 959 2254; x_wconf 91' lang='lat' dir='ltr'>dies.</span> 
     </span>
     <span class='ocr_line' id='line_1_19' title="bbox 254 2274 1062 2360; baseline -0.001 -20"><span class='ocrx_word' id='word_1_112' title='bbox 254 2286 287 2340; x_wconf 93' lang='lat' dir='ltr'>et</span> <span class='ocrx_word' id='word_1_113' title='bbox 303 2274 445 2339; x_wconf 87' lang='lat' dir='ltr'>neclecta</span> <span class='ocrx_word' id='word_1_114' title='bbox 462 2275 553 2340; x_wconf 88' lang='lat' dir='ltr'>decet</span> <span class='ocrx_word' id='word_1_115' title='bbox 570 2276 686 2340; x_wconf 89' lang='lat' dir='ltr'>multas</span> <span class='ocrx_word' id='word_1_116' title='bbox 704 2296 804 2340; x_wconf 88' lang='lat' dir='ltr'>coma.</span> <span class='ocrx_word' id='word_1_117' title='bbox 849 2298 943 2360; x_wconf 89' lang='lat' dir='ltr'>saepe</span> <span class='ocrx_word' id='word_1_118' title='bbox 960 2274 1062 2341; x_wconf 90' lang='lat' dir='ltr'>iacere</span> 
     </span>
     <span class='ocr_line' id='line_1_20' title="bbox 297 2361 977 2447; baseline -0.001 -22"><span class='ocrx_word' id='word_1_119' title='bbox 297 2361 476 2425; x_wconf 85' lang='lat' dir='ltr'>hesternam</span> <span class='ocrx_word' id='word_1_120' title='bbox 495 2361 619 2426; x_wconf 86' lang='lat' dir='ltr'>credas:</span> <span class='ocrx_word' id='word_1_121' title='bbox 637 2361 692 2427; x_wconf 92' lang='lat' dir='ltr'>illa</span> <span class='ocrx_word' id='word_1_122' title='bbox 709 2384 826 2447; x_wconf 89' lang='lat' dir='ltr'>repexa</span> <span class='ocrx_word' id='word_1_123' title='bbox 843 2362 977 2425; x_wconf 90' lang='lat' dir='ltr'>modost.</span> 
     </span>
     <span class='ocr_line' id='line_1_21' title="bbox 187 2445 981 2533; baseline -0.006 -18"><span class='ocrx_word' id='word_1_124' title='bbox 187 2466 236 2516; x_wconf 91' lang='grc'>155</span> <span class='ocrx_word' id='word_1_125' title='bbox 254 2470 305 2512; x_wconf 91' lang='lat' dir='ltr'>ars</span> <span class='ocrx_word' id='word_1_126' title='bbox 324 2469 399 2511; x_wconf 88' lang='lat' dir='ltr'>casu</span> <span class='ocrx_word' id='word_1_127' title='bbox 418 2446 554 2510; x_wconf 65' lang='lat' dir='ltr'>similis..</span> <span class='ocrx_word' id='word_1_128' title='bbox 582 2447 627 2511; x_wconf 92' lang='lat' dir='ltr'>sic</span> <span class='ocrx_word' id='word_1_129' title='bbox 645 2458 738 2533; x_wconf 88' lang='lat' dir='ltr'>capta</span> <span class='ocrx_word' id='word_1_130' title='bbox 755 2447 834 2510; x_wconf 85' lang='lat' dir='ltr'>vidit</span> <span class='ocrx_word' id='word_1_131' title='bbox 852 2460 886 2511; x_wconf 90' lang='lat' dir='ltr'>ut</span> <span class='ocrx_word' id='word_1_132' title='bbox 903 2445 981 2511; x_wconf 89' lang='lat' dir='ltr'>urbe</span> 
     </span>
     <span class='ocr_line' id='line_1_22' title="bbox 297 2532 981 2618; baseline 0 -22"><span class='ocrx_word' id='word_1_133' title='bbox 297 2532 428 2597; x_wconf 87' lang='lat' dir='ltr'>Alcides</span> <span class='ocrx_word' id='word_1_134' title='bbox 446 2532 550 2610; x_wconf 91' lang='lat' dir='ltr'>Iolen,</span> <span class='ocrx_word' id='word_1_135' title='bbox 571 2533 667 2597; x_wconf 88' lang='lat' dir='ltr'>‘hanc</span> <span class='ocrx_word' id='word_1_136' title='bbox 685 2533 759 2618; x_wconf 85' lang='lat' dir='ltr'>ego’</span> <span class='ocrx_word' id='word_1_137' title='bbox 778 2532 857 2596; x_wconf 84' lang='lat' dir='ltr'>dixit</span> <span class='ocrx_word' id='word_1_138' title='bbox 874 2532 981 2597; x_wconf 83' lang='lat' dir='ltr'>‘amo&#39;</span> 
     </span>
     <span class='ocr_line' id='line_1_23' title="bbox 253 2615 1095 2702; baseline -0.001 -19"><span class='ocrx_word' id='word_1_139' title='bbox 253 2619 350 2684; x_wconf 90' lang='lat' dir='ltr'>talem</span> <span class='ocrx_word' id='word_1_140' title='bbox 367 2628 398 2683; x_wconf 89' lang='lat' dir='ltr'>te</span> <span class='ocrx_word' id='word_1_141' title='bbox 416 2617 579 2695; x_wconf 89' lang='lat' dir='ltr'>Bacchus,</span> <span class='ocrx_word' id='word_1_142' title='bbox 599 2615 721 2702; x_wconf 85' lang='lat' dir='ltr'>Satyris</span> <span class='ocrx_word' id='word_1_143' title='bbox 740 2618 948 2683; x_wconf 87' lang='lat' dir='ltr'>clamantibus</span> <span class='ocrx_word' id='word_1_144' title='bbox 967 2617 1095 2684; x_wconf 89' lang='lat' dir='ltr'>‘euhoe&#39;</span> 
     </span>
     <span class='ocr_line' id='line_1_24' title="bbox 296 2703 980 2782; baseline 0 -14"><span class='ocrx_word' id='word_1_145' title='bbox 296 2703 421 2768; x_wconf 88' lang='lat' dir='ltr'>sustulit</span> <span class='ocrx_word' id='word_1_146' title='bbox 439 2703 472 2767; x_wconf 90' lang='lat' dir='ltr'>in</span> <span class='ocrx_word' id='word_1_147' title='bbox 491 2726 615 2781; x_wconf 89' lang='lat' dir='ltr'>currus,</span> <span class='ocrx_word' id='word_1_148' title='bbox 635 2703 737 2770; x_wconf 85' lang='lat' dir='ltr'>Gnosi</span> <span class='ocrx_word' id='word_1_149' title='bbox 754 2705 877 2782; x_wconf 89' lang='lat' dir='ltr'>relicta,</span> <span class='ocrx_word' id='word_1_150' title='bbox 896 2726 980 2769; x_wconf 90' lang='lat' dir='ltr'>suos.</span> 
     </span>
     <span class='ocr_line' id='line_1_25' title="bbox 254 2789 991 2876; baseline 0.001 -23"><span class='ocrx_word' id='word_1_151' title='bbox 254 2813 273 2854; x_wconf 96' lang='lat' dir='ltr'>o</span> <span class='ocrx_word' id='word_1_152' title='bbox 291 2800 444 2875; x_wconf 90' lang='lat' dir='ltr'>quantum</span> <span class='ocrx_word' id='word_1_153' title='bbox 462 2789 606 2876; x_wconf 83' lang='lat' dir='ltr'>indulget</span> <span class='ocrx_word' id='word_1_154' title='bbox 622 2801 727 2855; x_wconf 90' lang='lat' dir='ltr'>vestro</span> <span class='ocrx_word' id='word_1_155' title='bbox 744 2801 857 2855; x_wconf 90' lang='lat' dir='ltr'>natura</span> <span class='ocrx_word' id='word_1_156' title='bbox 875 2790 991 2866; x_wconf 90' lang='lat' dir='ltr'>decori,</span> 
     </span>
     <span class='ocr_line' id='line_1_26' title="bbox 187 2875 1053 2961; baseline -0.005 -17"><span class='ocrx_word' id='word_1_157' title='bbox 187 2895 237 2945; x_wconf 83' lang='grc'>160</span> <span class='ocrx_word' id='word_1_158' title='bbox 298 2898 433 2960; x_wconf 90' lang='lat' dir='ltr'>quarum</span> <span class='ocrx_word' id='word_1_159' title='bbox 452 2887 526 2940; x_wconf 91' lang='lat' dir='ltr'>sunt</span> <span class='ocrx_word' id='word_1_160' title='bbox 543 2877 650 2942; x_wconf 88' lang='lat' dir='ltr'>multis</span> <span class='ocrx_word' id='word_1_161' title='bbox 669 2877 785 2941; x_wconf 89' lang='lat' dir='ltr'>damna</span> <span class='ocrx_word' id='word_1_162' title='bbox 802 2876 919 2961; x_wconf 90' lang='lat' dir='ltr'>pianda</span> <span class='ocrx_word' id='word_1_163' title='bbox 936 2875 1053 2940; x_wconf 80' lang='lat' dir='ltr'>modis!</span> 
     </span>
     <span class='ocr_line' id='line_1_27' title="bbox 253 2962 1040 3049; baseline -0.003 -22"><span class='ocrx_word' id='word_1_164' title='bbox 253 2983 311 3028; x_wconf 90' lang='lat' dir='ltr'>nos</span> <span class='ocrx_word' id='word_1_165' title='bbox 329 2963 412 3026; x_wconf 90' lang='lat' dir='ltr'>male</span> <span class='ocrx_word' id='word_1_166' title='bbox 431 2962 624 3048; x_wconf 81' lang='lat' dir='ltr'>detegimur,</span> <span class='ocrx_word' id='word_1_167' title='bbox 642 2964 786 3049; x_wconf 90' lang='lat' dir='ltr'>raptique</span> <span class='ocrx_word' id='word_1_168' title='bbox 805 2974 907 3027; x_wconf 86' lang='lat' dir='ltr'>aetate</span> <span class='ocrx_word' id='word_1_169' title='bbox 925 2962 1040 3046; x_wconf 90' lang='lat' dir='ltr'>capilli,</span> 
     </span>
     <span class='ocr_line' id='line_1_28' title="bbox 295 3047 947 3125; baseline 0 -14"><span class='ocrx_word' id='word_1_170' title='bbox 295 3059 331 3111; x_wconf 93' lang='lat' dir='ltr'>ut</span> <span class='ocrx_word' id='word_1_171' title='bbox 350 3047 445 3113; x_wconf 88' lang='lat' dir='ltr'>borea</span> <span class='ocrx_word' id='word_1_172' title='bbox 462 3048 591 3114; x_wconf 85' lang='lat' dir='ltr'>frondes</span> <span class='ocrx_word' id='word_1_173' title='bbox 609 3049 801 3125; x_wconf 87' lang='lat' dir='ltr'>excutiente,</span> <span class='ocrx_word' id='word_1_174' title='bbox 821 3048 947 3112; x_wconf 89' lang='lat' dir='ltr'>cadunt.</span> 
     </span>
     <span class='ocr_line' id='line_1_29' title="bbox 254 3133 972 3208; baseline 0 -11"><span class='ocrx_word' id='word_1_175' title='bbox 254 3133 372 3197; x_wconf 89' lang='lat' dir='ltr'>femina</span> <span class='ocrx_word' id='word_1_176' title='bbox 389 3134 536 3200; x_wconf 87' lang='lat' dir='ltr'>canitiem</span> <span class='ocrx_word' id='word_1_177' title='bbox 555 3133 724 3200; x_wconf 88' lang='lat' dir='ltr'>Germanis</span> <span class='ocrx_word' id='word_1_178' title='bbox 742 3135 840 3200; x_wconf 90' lang='lat' dir='ltr'>inficit</span> <span class='ocrx_word' id='word_1_179' title='bbox 857 3134 972 3208; x_wconf 87' lang='lat' dir='ltr'>herbis,</span> 
     </span>
     <span class='ocr_line' id='line_1_30' title="bbox 297 3220 929 3304; baseline -0.002 -20"><span class='ocrx_word' id='word_1_180' title='bbox 297 3231 328 3284; x_wconf 91' lang='lat' dir='ltr'>et</span> <span class='ocrx_word' id='word_1_181' title='bbox 345 3220 456 3285; x_wconf 89' lang='lat' dir='ltr'>melior</span> <span class='ocrx_word' id='word_1_182' title='bbox 473 3243 548 3285; x_wconf 88' lang='lat' dir='ltr'>vero</span> <span class='ocrx_word' id='word_1_183' title='bbox 566 3222 728 3304; x_wconf 90' lang='lat' dir='ltr'>quaeritur</span> <span class='ocrx_word' id='word_1_184' title='bbox 745 3233 811 3286; x_wconf 86' lang='lat' dir='ltr'>arte</span> <span class='ocrx_word' id='word_1_185' title='bbox 829 3222 929 3285; x_wconf 89' lang='lat' dir='ltr'>color:</span> 
     </span>
     <span class='ocr_line' id='line_1_31' title="bbox 187 3304 1026 3390; baseline -0.004 -18"><span class='ocrx_word' id='word_1_186' title='bbox 187 3323 236 3372; x_wconf 86' lang='grc'>165</span> <span class='ocrx_word' id='word_1_187' title='bbox 254 3304 373 3370; x_wconf 86' lang='lat' dir='ltr'>femina</span> <span class='ocrx_word' id='word_1_188' title='bbox 390 3307 533 3390; x_wconf 91' lang='lat' dir='ltr'>procedit</span> <span class='ocrx_word' id='word_1_189' title='bbox 551 3306 738 3371; x_wconf 90' lang='lat' dir='ltr'>densissima</span> <span class='ocrx_word' id='word_1_190' title='bbox 755 3306 894 3371; x_wconf 89' lang='lat' dir='ltr'>crinibus</span> <span class='ocrx_word' id='word_1_191' title='bbox 912 3304 1026 3389; x_wconf 88' lang='lat' dir='ltr'>emptis</span> 
     </span>
     <span class='ocr_line' id='line_1_32' title="bbox 295 3391 901 3475; baseline 0.002 -21"><span class='ocrx_word' id='word_1_192' title='bbox 295 3413 416 3475; x_wconf 91' lang='lat' dir='ltr'>proque</span> <span class='ocrx_word' id='word_1_193' title='bbox 433 3392 499 3456; x_wconf 85' lang='lat' dir='ltr'>suis</span> <span class='ocrx_word' id='word_1_194' title='bbox 518 3391 595 3456; x_wconf 89' lang='lat' dir='ltr'>alios</span> <span class='ocrx_word' id='word_1_195' title='bbox 614 3391 711 3457; x_wconf 88' lang='lat' dir='ltr'>efficit</span> <span class='ocrx_word' id='word_1_196' title='bbox 728 3414 800 3456; x_wconf 89' lang='lat' dir='ltr'>aere</span> <span class='ocrx_word' id='word_1_197' title='bbox 817 3413 901 3455; x_wconf 90' lang='lat' dir='ltr'>suos.</span> 
     </span>
     <span class='ocr_line' id='line_1_33' title="bbox 253 3468 1164 3569; baseline -0.001 -28"><span class='ocrx_word' id='word_1_198' title='bbox 253 3499 313 3542; x_wconf 91' lang='lat' dir='ltr'>nec</span> <span class='ocrx_word' id='word_1_199' title='bbox 330 3477 427 3541; x_wconf 91' lang='lat' dir='ltr'>rubor</span> <span class='ocrx_word' id='word_1_200' title='bbox 444 3490 491 3542; x_wconf 89' lang='lat' dir='ltr'>est</span> <span class='ocrx_word' id='word_1_201' title='bbox 509 3477 622 3543; x_wconf 88' lang='lat' dir='ltr'>emisse</span> <span class='ocrx_word' id='word_1_202' title='bbox 640 3478 755 3563; x_wconf 90' lang='lat' dir='ltr'>palam.</span> <span class='ocrx_word' id='word_1_203' title='bbox 798 3477 905 3542; x_wconf 86' lang='lat' dir='ltr'>venire</span> <span class='ocrx_word' id='word_1_204' title='bbox 923 3476 1067 3541; x_wconf 89' lang='lat' dir='ltr'>videmus</span> <span class='ocrx_word' id='word_1_205' title='bbox 1153 3468 1164 3569; x_wconf 31' lang='grc' dir='ltr'><em>ᾖ</em></span> 
     </span>
     <span class='ocr_line' id='line_1_34' title="bbox 296 3563 1144 3648; baseline 0 -22"><span class='ocrx_word' id='word_1_206' title='bbox 296 3563 444 3627; x_wconf 90' lang='lat' dir='ltr'>Herculis</span> <span class='ocrx_word' id='word_1_207' title='bbox 463 3575 535 3629; x_wconf 89' lang='lat' dir='ltr'>ante</span> <span class='ocrx_word' id='word_1_208' title='bbox 555 3564 662 3628; x_wconf 89' lang='lat' dir='ltr'>oculos</span> <span class='ocrx_word' id='word_1_209' title='bbox 680 3563 923 3648; x_wconf 81' lang='lat' dir='ltr'>virgineumque</span> <span class='ocrx_word' id='word_1_210' title='bbox 942 3564 1082 3627; x_wconf 91' lang='lat' dir='ltr'>chorum.</span> <span class='ocrx_word' id='word_1_211' title='bbox 1101 3599 1144 3608; x_wconf 93' lang='lat'>—-</span> 
     </span>
     <span class='ocr_line' id='line_1_35' title="bbox 255 3648 1155 3734; baseline -0.001 -21"><span class='ocrx_word' id='word_1_212' title='bbox 255 3649 332 3732; x_wconf 91' lang='lat' dir='ltr'>quid</span> <span class='ocrx_word' id='word_1_213' title='bbox 350 3649 389 3713; x_wconf 91' lang='lat' dir='ltr'>dc</span> <span class='ocrx_word' id='word_1_214' title='bbox 407 3660 495 3713; x_wconf 88' lang='lat' dir='ltr'>veste</span> <span class='ocrx_word' id='word_1_215' title='bbox 512 3648 642 3732; x_wconf 81' lang='lat' dir='ltr'>loquar?</span> <span class='ocrx_word' id='word_1_216' title='bbox 667 3670 726 3712; x_wconf 90' lang='lat' dir='ltr'>nec</span> <span class='ocrx_word' id='word_1_217' title='bbox 743 3671 828 3714; x_wconf 89' lang='lat' dir='ltr'>nunc</span> <span class='ocrx_word' id='word_1_218' title='bbox 846 3659 1011 3734; x_wconf 85' lang='lat' dir='ltr'>segmenta</span> <span class='ocrx_word' id='word_1_219' title='bbox 1027 3648 1155 3732; x_wconf 71' lang='lat' dir='ltr'>requiri,</span> 
     </span>
     <span class='ocr_line' id='line_1_36' title="bbox 187 3732 1140 3819; baseline -0.002 -19"><span class='ocrx_word' id='word_1_220' title='bbox 187 3753 236 3802; x_wconf 84' lang='grc'>110</span> <span class='ocrx_word' id='word_1_221' title='bbox 296 3757 355 3800; x_wconf 90' lang='lat' dir='ltr'>nec</span> <span class='ocrx_word' id='word_1_222' title='bbox 371 3757 454 3818; x_wconf 87' lang='lat' dir='ltr'>quae</span> <span class='ocrx_word' id='word_1_223' title='bbox 472 3735 511 3799; x_wconf 91' lang='lat' dir='ltr'>de</span> <span class='ocrx_word' id='word_1_224' title='bbox 528 3735 627 3819; x_wconf 85' lang='lat' dir='ltr'>Tyrio</span> <span class='ocrx_word' id='word_1_225' title='bbox 644 3734 778 3809; x_wconf 89' lang='lat' dir='ltr'>murice,</span> <span class='ocrx_word' id='word_1_226' title='bbox 796 3736 883 3811; x_wconf 90' lang='lat' dir='ltr'>lana,</span> <span class='ocrx_word' id='word_1_227' title='bbox 901 3735 1006 3798; x_wconf 84' lang='lat' dir='ltr'>rubes.</span> <span class='ocrx_word' id='word_1_228' title='bbox 1137 3732 1140 3737; x_wconf 72' lang='grc'>’</span> 
     </span>
     <span class='ocr_line' id='line_1_37' title="bbox 254 3820 1126 3909; baseline 0 -25"><span class='ocrx_word' id='word_1_229' title='bbox 254 3842 326 3884; x_wconf 92' lang='lat' dir='ltr'>cum</span> <span class='ocrx_word' id='word_1_230' title='bbox 344 3831 391 3884; x_wconf 90' lang='lat' dir='ltr'>tot</span> <span class='ocrx_word' id='word_1_231' title='bbox 407 3820 580 3906; x_wconf 89' lang='lat' dir='ltr'>prodierint</span> <span class='ocrx_word' id='word_1_232' title='bbox 596 3820 697 3904; x_wconf 90' lang='lat' dir='ltr'>pretio</span> <span class='ocrx_word' id='word_1_233' title='bbox 714 3820 831 3885; x_wconf 86' lang='lat' dir='ltr'>leviore</span> <span class='ocrx_word' id='word_1_234' title='bbox 849 3821 978 3896; x_wconf 91' lang='lat' dir='ltr'>colores,</span> <span class='ocrx_word' id='word_1_235' title='bbox 1121 3880 1126 3909; x_wconf 90' lang='lat'>.-</span> 
     </span>
     <span class='ocr_line' id='line_1_38' title="bbox 297 3905 1046 3991; baseline -0.001 -21"><span class='ocrx_word' id='word_1_236' title='bbox 297 3906 367 3989; x_wconf 91' lang='lat' dir='ltr'>quis</span> <span class='ocrx_word' id='word_1_237' title='bbox 385 3905 474 3970; x_wconf 82' lang='lat' dir='ltr'>furor</span> <span class='ocrx_word' id='word_1_238' title='bbox 491 3917 553 3983; x_wconf 85' lang='lat' dir='ltr'>est,</span> <span class='ocrx_word' id='word_1_239' title='bbox 572 3928 685 3970; x_wconf 91' lang='lat' dir='ltr'>census</span> <span class='ocrx_word' id='word_1_240' title='bbox 703 3927 833 3991; x_wconf 87' lang='lat' dir='ltr'>corpore</span> <span class='ocrx_word' id='word_1_241' title='bbox 851 3906 934 3971; x_wconf 86' lang='lat' dir='ltr'>ferre</span> <span class='ocrx_word' id='word_1_242' title='bbox 952 3905 1046 3970; x_wconf 81' lang='lat' dir='ltr'>suos?</span> 
     </span>
     <span class='ocr_line' id='line_1_39' title="bbox 254 3990 1115 4068; baseline -0.001 -12"><span class='ocrx_word' id='word_1_243' title='bbox 254 3993 335 4056; x_wconf 82' lang='lat' dir='ltr'>a&#39;c&#39;ris</span> <span class='ocrx_word' id='word_1_244' title='bbox 353 4013 426 4057; x_wconf 91' lang='lat' dir='ltr'>ecce</span> <span class='ocrx_word' id='word_1_245' title='bbox 444 3992 539 4068; x_wconf 90' lang='lat' dir='ltr'>color,</span> <span class='ocrx_word' id='word_1_246' title='bbox 557 4003 626 4056; x_wconf 92' lang='lat' dir='ltr'>tum</span> <span class='ocrx_word' id='word_1_247' title='bbox 644 4013 716 4057; x_wconf 91' lang='lat' dir='ltr'>cum</span> <span class='ocrx_word' id='word_1_248' title='bbox 735 3992 802 4057; x_wconf 92' lang='lat' dir='ltr'>sine</span> <span class='ocrx_word' id='word_1_249' title='bbox 819 3990 957 4057; x_wconf 90' lang='lat' dir='ltr'>nubibus</span> <span class='ocrx_word' id='word_1_250' title='bbox 976 3998 1040 4068; x_wconf 71' lang='lat' dir='ltr'>adr,</span> <span class='ocrx_word' id='word_1_251' title='bbox 1109 3996 1115 4033; x_wconf 77' lang='lat'>·²</span> 
     </span>
     <span class='ocr_line' id='line_1_40' title="bbox 296 4062 1120 4163; baseline -0.001 -21"><span class='ocrx_word' id='word_1_252' title='bbox 296 4100 355 4143; x_wconf 89' lang='lat' dir='ltr'>nec</span> <span class='ocrx_word' id='word_1_253' title='bbox 373 4077 497 4163; x_wconf 89' lang='lat' dir='ltr'>tepidus</span> <span class='ocrx_word' id='word_1_254' title='bbox 515 4077 639 4162; x_wconf 86' lang='lat' dir='ltr'>pluvias</span> <span class='ocrx_word' id='word_1_255' title='bbox 658 4077 794 4142; x_wconf 87' lang='lat' dir='ltr'>concitat</span> <span class='ocrx_word' id='word_1_256' title='bbox 811 4090 916 4142; x_wconf 89' lang='lat' dir='ltr'>auster</span> <span class='ocrx_word' id='word_1_257' title='bbox 934 4099 1047 4160; x_wconf 89' lang='lat' dir='ltr'>aquas:</span> <span class='ocrx_word' id='word_1_258' title='bbox 1100 4062 1120 4156; x_wconf 38' lang='lat' dir='ltr'>i„</span> 
     </span>
     <span class='ocr_line' id='line_1_41' title="bbox 187 4160 1156 4246; baseline -0.009 -14"><span class='ocrx_word' id='word_1_259' title='bbox 187 4184 235 4231; x_wconf 83' lang='grc'>115</span> <span class='ocrx_word' id='word_1_260' title='bbox 254 4185 327 4228; x_wconf 88' lang='lat' dir='ltr'>ecce</span> <span class='ocrx_word' id='word_1_261' title='bbox 345 4163 402 4227; x_wconf 91' lang='lat' dir='ltr'>tibi</span> <span class='ocrx_word' id='word_1_262' title='bbox 420 4162 542 4237; x_wconf 90' lang='lat' dir='ltr'>similis,</span> <span class='ocrx_word' id='word_1_263' title='bbox 561 4184 643 4246; x_wconf 90' lang='lat' dir='ltr'>quae</span> <span class='ocrx_word' id='word_1_264' title='bbox 660 4163 820 4246; x_wconf 89' lang='lat' dir='ltr'>quondam</span> <span class='ocrx_word' id='word_1_265' title='bbox 838 4162 980 4227; x_wconf 87' lang='lat' dir='ltr'>Phrixon</span> <span class='ocrx_word' id='word_1_266' title='bbox 998 4175 1030 4228; x_wconf 92' lang='lat' dir='ltr'>et</span> <span class='ocrx_word' id='word_1_267' title='bbox 1047 4164 1082 4228; x_wconf 92' lang='lat' dir='ltr'><strong>H</strong></span> <span class='ocrx_word' id='word_1_268' title='bbox 1105 4160 1156 4224; x_wconf 91' lang='lat' dir='ltr'>len</span> 
     </span>
     <span class='ocr_line' id='line_1_42' title="bbox 296 4248 792 4334; baseline 0 -23"><span class='ocrx_word' id='word_1_269' title='bbox 296 4248 409 4313; x_wconf 90' lang='lat' dir='ltr'>diceris</span> <span class='ocrx_word' id='word_1_270' title='bbox 426 4248 513 4312; x_wconf 87' lang='lat' dir='ltr'>Inois</span> <span class='ocrx_word' id='word_1_271' title='bbox 532 4249 684 4334; x_wconf 90' lang='lat' dir='ltr'>eripuisse</span> <span class='ocrx_word' id='word_1_272' title='bbox 703 4249 792 4312; x_wconf 90' lang='lat' dir='ltr'>dolis.</span> 
     </span>
     <span class='ocr_line' id='line_1_43' title="bbox 254 4331 1164 4417; baseline -0.001 -19"><span class='ocrx_word' id='word_1_273' title='bbox 254 4334 305 4400; x_wconf 91' lang='lat' dir='ltr'>hic</span> <span class='ocrx_word' id='word_1_274' title='bbox 323 4334 424 4397; x_wconf 89' lang='lat' dir='ltr'>undas</span> <span class='ocrx_word' id='word_1_275' title='bbox 442 4333 593 4411; x_wconf 89' lang='lat' dir='ltr'>imitatur,</span> <span class='ocrx_word' id='word_1_276' title='bbox 611 4333 707 4398; x_wconf 88' lang='lat' dir='ltr'>habet</span> <span class='ocrx_word' id='word_1_277' title='bbox 726 4355 851 4417; x_wconf 91' lang='lat' dir='ltr'>quoque</span> <span class='ocrx_word' id='word_1_278' title='bbox 869 4355 985 4397; x_wconf 91' lang='lat' dir='ltr'>nomen</span> <span class='ocrx_word' id='word_1_279' title='bbox 1003 4334 1044 4397; x_wconf 87' lang='lat' dir='ltr'>ab</span> <span class='ocrx_word' id='word_1_280' title='bbox 1088 4331 1164 4397; x_wconf 81' lang='lat' dir='ltr'>rdis:</span> 
     </span>
     <span class='ocr_line' id='line_1_44' title="bbox 296 4419 1020 4506; baseline -0.003 -22"><span class='ocrx_word' id='word_1_281' title='bbox 296 4419 482 4484; x_wconf 88' lang='lat' dir='ltr'>crediderim</span> <span class='ocrx_word' id='word_1_282' title='bbox 499 4419 666 4506; x_wconf 90' lang='lat' dir='ltr'>Nymphas</span> <span class='ocrx_word' id='word_1_283' title='bbox 683 4419 744 4482; x_wconf 90' lang='lat' dir='ltr'>hac</span> <span class='ocrx_word' id='word_1_284' title='bbox 761 4441 821 4503; x_wconf 88' lang='lat' dir='ltr'>ego</span> <span class='ocrx_word' id='word_1_285' title='bbox 840 4431 928 4483; x_wconf 90' lang='lat' dir='ltr'>veste</span> <span class='ocrx_word' id='word_1_286' title='bbox 945 4420 1020 4503; x_wconf 86' lang='lat' dir='ltr'>tegi.</span> 
     </span>
     <span class='ocr_line' id='line_1_45' title="bbox 254 4505 1047 4585; baseline 0 -14"><span class='ocrx_word' id='word_1_287' title='bbox 254 4505 308 4573; x_wconf 88' lang='lat' dir='ltr'>illc</span> <span class='ocrx_word' id='word_1_288' title='bbox 325 4526 452 4572; x_wconf 87' lang='lat' dir='ltr'>crocum</span> <span class='ocrx_word' id='word_1_289' title='bbox 471 4505 607 4572; x_wconf 84' lang='lat' dir='ltr'>simulat</span> <span class='ocrx_word' id='word_1_290' title='bbox 651 4527 761 4572; x_wconf 88' lang='lat' dir='ltr'>croceo</span> <span class='ocrx_word' id='word_1_291' title='bbox 780 4505 903 4572; x_wconf 85' lang='lat' dir='ltr'>velatur</span> <span class='ocrx_word' id='word_1_292' title='bbox 920 4506 1047 4585; x_wconf 89' lang='lat' dir='ltr'>amictu,</span> 
     </span>
    </p>
   </div>
   <div class='ocr_carea' id='block_1_3' title="bbox 0 0 1309 4974">
    <p class='ocr_par' dir='ltr' id='par_1_3' title="bbox 0 0 1309 4974">
     <span class='ocr_line' id='line_1_46' title="bbox 0 0 1309 4974; baseline 0 0"><span class='ocrx_word' id='word_1_293' title='bbox 0 0 1309 4974; x_wconf 95' lang='lat' dir='ltr'> </span> 
     </span>
    </p>
   </div>
  </div>
 </body>
</html>
