2604 4974
240 257 355 316 ARTIS
373 259 602 315 AMATORIAE
618 260 693 314 LIB.
709 259 762 314 III.
780 259 925 316 lat-223.
1029 243 1088 312 181

110 381 234 447 roscida
251 381 400 447 luciferos
418 405 490 447 cum
509 383 568 448 dea
584 383 687 468 iungit
705 401 818 466 equos:
1110 403 1159 454 180

68 466 120 532 hic
137 467 279 553 Paphias
296 480 430 555 myrtos,
450 469 501 533 hic
518 491 693 554 purpureas
712 469 916 553 amethystos,

111 554 293 619 albentesve
310 576 413 630 rosas,
431 554 653 620 Threiciarnve
670 577 793 640 gruem.

68 661 127 704 nec
144 639 291 724 glandes,
311 642 482 725 Amarylli,
501 652 589 716 tuae,
607 663 666 706 nec
684 640 855 726 amygdala
872 640 1000 704 desunt:

111 736 142 790 et
160 748 218 790 sua
234 727 404 791 velleribus
422 728 550 790 nomina
568 749 640 792 cera
658 726 754 791 dedit

69 821 147 895 quot
164 834 247 876 nova
264 824 348 876 terra
364 812 446 896 parit
464 813 571 890 flores,
589 835 662 877 cum
680 834 754 877 vere
772 811 890 897 tepenti

111 898 183 962 vitis
201 897 267 983 agit
284 920 427 986 gemmas
445 899 600 984 pigraque
617 898 700 984 fugit
718 898 852 983 hiemps,

67 983 141 1048 lana
159 995 205 1048 tot
222 994 277 1048 aut
294 985 401 1070 plures
419 1007 512 1049 sucos
531 985 619 1048 bibit.
665 985 747 1070 elige
765 994 881 1048 certos:

110 1092 185 1133 nam
201 1092 266 1135 non
283 1069 472 1135 conveniens
490 1070 637 1135 omnibus
656 1069 756 1134 omnis
775 1069 843 1134 erit.

67 1155 155 1241 pulla
173 1155 286 1221 decent
303 1157 422 1221 niveas.
465 1156 612 1222 Briseida
630 1157 717 1242 pulla
735 1155 903 1221 decebant:

111 1263 184 1305 cum
201 1253 293 1328 rapta
310 1253 372 1317 est,
390 1242 478 1328 pulla
496 1253 564 1306 tum
582 1264 708 1326 quoque
726 1253 814 1306 veste
832 1240 902 1304 fuit.

68 1326 142 1392 alba
158 1327 270 1392 decent
287 1327 403 1393 fuscas.
448 1329 543 1404 albis,
563 1326 699 1414 Cephei,
717 1327 881 1413 placebas:

111 1413 156 1477 sic
174 1414 231 1477 tibi
248 1414 379 1479 vestitae
397 1437 505 1499 pressa
524 1412 675 1499 Seriphos
694 1424 770 1479 erat.

69 1520 164 1583 quam
181 1521 283 1584 paene
301 1500 465 1578 admonui,
483 1523 523 1565 ne
542 1511 616 1565 trux
633 1522 728 1585 caper
745 1499 805 1564 iret
821 1498 854 1562 in
873 1498 948 1576 alas,

109 1608 190 1650 neve
206 1585 311 1651 forent
329 1586 415 1652 duris
433 1609 545 1671 aspera
563 1608 655 1650 crura
671 1584 758 1671 pilis!

68 1670 205 1736 sednon
224 1669 389 1736 Caucasea
407 1671 505 1737 doceo
524 1671 563 1736 de
581 1674 659 1757 rupe
677 1671 809 1757 puellas,

110 1778 256 1841 quaeque
273 1756 384 1821 bibant
401 1757 517 1834 undas,
535 1757 631 1842 Myse
650 1755 762 1833 Caice,
780 1769 860 1820 tuas.

68 1842 159 1925 quid,
178 1843 205 1906 si
221 1844 428 1929 praecipiam,
447 1867 488 1908 ne
505 1843 608 1909 fuscet
624 1843 737 1908 inertia
755 1842 875 1919 dentes,

110 1950 228 2013 oraque
246 1941 393 2014 suscepta
409 1952 502 1995 mane
520 1930 666 1995 laventur
683 1928 785 2013 aqua?

68 2014 154 2080 scitis
173 2025 204 2079 et
221 2014 352 2080 inducta
370 2015 541 2080 candorem
560 2037 712 2099 quaerere
730 2025 825 2079 creta.

110 2101 264 2186 sanguine
283 2122 365 2184 quae
382 2123 457 2166 vero
475 2124 539 2166 non
556 2102 663 2177 rubet,
682 2113 749 2167 arte
766 2100 868 2165 rubet.

68 2197 134 2251 arte
152 2187 310 2271 supercilii
329 2188 464 2252 confinia
481 2187 567 2251 nuda
583 2187 720 2273 repletis,

109 2294 271 2358 parvaque
289 2272 427 2337 sinceras
444 2273 529 2338 velat
546 2274 633 2337 aluta
650 2295 757 2359 genas.

66 2379 126 2423 nec
143 2358 247 2443 pudor
264 2370 312 2423 est
329 2359 436 2423 oculos
455 2359 542 2424 tenui
560 2359 586 2423 si
633 2381 686 2424 are
703 2358 812 2423 favilla

110 2444 161 2509 vel
200 2465 276 2529 rope
295 2455 326 2509 te
343 2455 432 2521 nato,
450 2445 554 2510 lucide
574 2382 701 2529 Clldne,
720 2464 822 2509 croco.

68 2541 116 2594 est
131 2467 223 2605 mili,
242 2551 305 2614 quo
324 2530 389 2594 dixi
407 2540 530 2595 vestrae
548 2529 759 2595 medicamina
775 2529 905 2603 formae,

109 2638 241 2702 parvus,
260 2616 317 2681 sed
334 2639 410 2680 cura
427 2616 562 2701 grande,
579 2617 719 2693 libellus,
738 2636 828 2701 opus.

67 2701 141 2766 hino
158 2722 285 2785 quoquc
302 2702 510 2787 praesidium,
528 2703 647 2778 laesae,
667 2700 812 2787 petitote,
830 2700 969 2785 puellae:

109 2809 174 2852 non
192 2798 240 2852 est
256 2809 313 2872 pro
330 2787 442 2853 vestris
461 2811 512 2852 ars
530 2811 602 2853 mea
619 2788 714 2852 rebus
732 2788 825 2851 iners.

67 2895 131 2938 non
148 2884 254 2938 tamen
272 2874 430 2959 expositas
449 2896 558 2938 mensa
576 2874 750 2958 deprendat
767 2882 889 2937 amator

109 2959 254 3045 pyxidas.
298 2980 348 3024 ars
366 2960 480 3024 faciem
498 2960 695 3024 dissimulata
711 2960 809 3023 iuvat.

67 3067 163 3128 quem
180 3068 243 3109 non
262 3045 403 3110 offendat
420 3056 485 3110 toto
504 3046 578 3110 faex
595 3047 684 3111 inlita
701 3046 800 3122 vultu,

110 3153 182 3196 oum
199 3130 269 3196 fluit
286 3130 319 3195 in
337 3131 459 3217 tepidos
476 3133 615 3216 pondere
633 3132 722 3217 lapsa
740 3130 847 3195 sinus?

67 3239 186 3301 oesupa
202 3215 280 3299 quid
297 3217 458 3282 redolent?
476 3217 622 3301 quamvis
639 3218 782 3282 mittatur
798 3216 935 3282 Athenis

109 3303 257 3388 demptus
274 3303 315 3367 ab
332 3303 485 3367 inmundo
503 3304 619 3368 vellere
637 3325 731 3367 sucus
750 3302 827 3367 ovis.

66 3411 125 3454 neo
143 3410 250 3453 coram
267 3387 381 3452 mixtas
401 3411 513 3454 cervae
531 3389 703 3474 sumpsisse
720 3387 876 3453 medullas

109 3496 168 3539 neo
185 3496 292 3538 coram
310 3474 420 3539 dentes
438 3474 622 3539 defricuisse
640 3475 781 3558 probem.

65 3560 126 3624 ista
143 3559 264 3625 dabunt
281 3557 429 3637 formam,
448 3560 504 3625 sed
522 3570 614 3624 erunt
631 3559 786 3624 deformia
803 3559 883 3634 visu,

108 3646 285 3729 multaque,
304 3646 380 3710 dum
397 3644 491 3722 fiunt,
509 3647 628 3732 turpia,
645 3645 730 3710 t'acta
746 3646 880 3730 placent.

52 3754 147 3816 quae
164 3753 250 3796 nuno
267 3752 383 3797 nomen
400 3730 518 3796 habent
536 3731 659 3817 operosi
677 3731 769 3817 signa
785 3730 942 3814 Myronis,

107 3818 232 3903 pondus
250 3816 335 3882 iners
352 3817 514 3901 quondam
531 3818 674 3901 duraque
691 3839 796 3880 massa
813 3815 883 3879 fuit.

66 3902 179 3968 anulus
196 3914 232 3967 ut
249 3903 318 3982 fiat,
336 3903 439 3988 primo
457 3904 625 3968 conliditur
643 3925 766 3969 aurum.

107 4010 187 4073 quas
204 3988 313 4074 geritis
330 3989 441 4066 vestis,
460 3989 586 4054 sordida
602 3990 677 4054 lana
693 3988 763 4053 fuit.

66 4096 138 4142 cum
155 4075 259 4153 fieret,
277 4074 357 4163 lapis
375 4097 468 4167 asper
485 4086 564 4142 erat:
583 4097 683 4154 nune,
699 4073 805 4142 nobile
823 4074 960 4162 signum,
