2604 4974
319 295 487 360 mortun
502 303 576 357 nm.
594 304 617 358 1.
635 302 715 372 vm,
733 300 853 371 61-1x‚
870 296 913 358 aa
1088 284 1129 353 91

105 420 185 489 haec
203 421 231 488 si
248 424 440 509 praestiteris
458 448 518 489 usu
536 425 613 491 mihi
631 425 758 510 cognita
774 426 882 511 longo,
1009 476 1015 494 .
1150 441 1198 493 105

148 532 208 574 nec
225 509 354 574 tulerint
372 532 467 575 voces
485 523 598 576 ventus
616 522 648 576 et
666 533 743 575 aura
761 533 858 588 meas,

106 618 202 680 saepe
219 594 298 659 mihi
315 595 402 661 dices
420 596 512 661 vivae
530 597 627 673 bene,
646 618 741 682 saepe
758 597 895 682 rogabis,

148 692 185 745 ut
202 703 274 745 mea
292 681 461 747 defunctae
478 682 615 748 molliter
632 704 704 747 ossa
721 682 858 746 cubent'

108 789 169 830 vox
187 766 305 831 eratin
323 789 434 844 cursu,
453 789 526 832 cum
543 790 595 832 me
612 791 684 833 mea
700 767 837 854 prodidit
855 768 977 833 umbra.

149 863 182 916 at
199 865 325 917 nostrae
343 853 398 916 vix
416 876 449 918 se
468 854 652 918 continuere
669 876 793 930 manus,
1151 872 1197 922 110

106 938 184 1022 quin
202 938 308 1002 albam
324 959 493 1021 raramque
511 960 635 1004 comam
652 939 881 1023 lacrimosaque
898 941 972 1004 vino

149 1024 270 1088 lumina
287 1046 420 1109 rugosas
439 1025 711 1108 distraherentque
728 1047 837 1109 genas.

107 1109 140 1173 di
156 1108 214 1173 tibi
232 1109 309 1174 dent
324 1111 493 1192 nullosque
509 1111 591 1175 lares
608 1110 801 1195 inopemque
817 1123 977 1176 senectam

149 1207 181 1259 et
197 1195 309 1280 longas
327 1194 447 1260 hiemes
466 1207 715 1282 perpetuamque
734 1195 831 1260 sitiml

585 1349 649 1415 IX.

106 1450 226 1515 Militat
243 1452 345 1517 omnis
362 1476 488 1528 amans,
507 1465 539 1518 et
556 1452 653 1518 habet
671 1476 729 1518 sua
746 1464 849 1518 castra
868 1451 1010 1540 Cupido=

147 1536 273 1614 Attice,
291 1538 384 1603 crede
402 1539 494 1616 mihi,
513 1540 624 1602 militat
643 1539 745 1603 omnis
763 1562 882 1604 amans.

107 1645 189 1706 quae
206 1622 290 1688 bello
308 1635 356 1688 est
373 1623 501 1702 habilis,
521 1625 640 1691 Veneri
658 1646 784 1708 quoque
802 1625 949 1690 convenit
967 1635 1065 1690 aetas.

148 1718 240 1794 turpe
258 1732 355 1775 senex
372 1711 478 1787 miles,
496 1721 589 1796 turpe
606 1711 713 1775 senilis
731 1733 829 1775 amor.

106 1816 185 1877 quos
203 1794 322 1880 petiere
340 1796 437 1860 duces
455 1818 554 1861 annos
571 1797 604 1860 in
622 1796 720 1861 milite
738 1796 823 1873 forti,

148 1879 206 1943 hos
223 1880 303 1965 petit
320 1881 353 1945 in
370 1882 456 1946 socio
474 1882 557 1947 bella
574 1883 680 1966 puella
698 1882 776 1946 viro.

105 1965 294 2051 pervigilant
312 1967 417 2032 ambo.
461 1978 544 2032 terra
561 1967 730 2052 requiescit
746 1980 893 2052 uterque:

147 2052 200 2116 ille
218 2050 302 2116 fores
320 2052 466 2118 dominae
484 2063 604 2129 servat,
623 2053 724 2118 atille
743 2054 841 2118 ducis.

104 2136 211 2201 militis
229 2137 371 2202 officium
388 2139 485 2224 longa
502 2149 550 2204 est
567 2139 629 2203 via.
672 2140 762 2204 mitte
780 2139 929 2225 puellam,

148 2234 295 2288 strenuus
313 2236 461 2310 exempto
478 2223 542 2290 fine
560 2236 711 2308 sequetur
728 2248 852 2291 amans:

104 2307 165 2373 ibit
181 2309 214 2373 in
232 2309 382 2375 adversos
400 2320 523 2376 montes
542 2310 764 2396 duplicataque
782 2311 890 2375 nimbo

147 2395 292 2473 flumina,
310 2407 478 2482 congestas
496 2409 617 2462 exteret
634 2396 687 2461 ille
704 2396 804 2474 nives,

103 2502 164 2545 nec
181 2479 263 2546 freta
280 2503 447 2567 pressurus
466 2482 602 2547 tumidos
621 2481 802 2547 causabitur
819 2503 911 2546 euros

148 2577 286 2651 aptaque
304 2567 466 2633 verrendis
484 2567 588 2633 sidera
605 2578 736 2652 quaeret
753 2567 853 2651 aquis.

104 2651 176 2736 quis
193 2652 255 2716 nisi
273 2653 323 2717 vel
341 2653 431 2719 miles
448 2653 500 2719 vel
517 2676 628 2718 amans
646 2664 678 2718 et
695 2652 814 2738 frigora
831 2653 932 2717 noctis

148 2749 179 2802 et
197 2738 295 2804 denso
313 2739 427 2804 mixtas
444 2739 581 2825 perferet
598 2739 699 2803 imbre
717 2739 826 2803 nives?

104 2823 240 2888 mittitur
256 2823 386 2890 infestos
405 2825 484 2890 alter
501 2824 679 2910 speculator
700 2824 733 2888 in
749 2823 870 2889 hostes:

147 2909 180 2974 in
198 2910 297 2974 rivale
315 2910 423 2974 oculos
441 2912 530 2986 alter,
548 2922 584 2975 ut
600 2910 705 2986 hoste,
724 2921 819 2974 tenet.

104 2995 157 3060 ille
175 3017 290 3081 gravm
307 2996 417 3071 urbes,
435 2996 487 3060 hic
504 2996 601 3061 durae
619 2996 716 3059 limen
733 2995 853 3060 amicae

148 3080 281 3146 obsidet.
326 3081 378 3145 hio
395 3093 502 3167 portas
520 3082 652 3167 frangit,
671 3080 772 3146 atille
790 3080 884 3145 fores.

105 3189 201 3252 saepe
219 3177 383 3251 soporatos
400 3167 551 3232 invadere
569 3166 687 3253 profuit
704 3166 820 3241 hostes,

148 3251 280 3317 caedere
299 3262 329 3316 et
348 3264 469 3317 armata
485 3254 602 3338 vulgus
617 3252 738 3317 inerme
755 3275 852 3316 manu

105 3335 166 3421 (sic
182 3337 252 3402 fora
269 3337 409 3403 Threicii
426 3337 608 3403 ceciderunt
626 3338 754 3423 agmina
770 3337 880 3415 Rhesi,

148 3433 181 3488 et
198 3422 361 3487 dominum
380 3424 465 3508 capti
483 3423 664 3488 deseruistis
682 3422 785 3507 equi):

106 3531 202 3595 saepe
218 3508 402 3573 maritorum
420 3509 538 3573 somnis
555 3520 687 3574 utuntur
704 3520 856 3586 amantes,

148 3606 182 3660 et
198 3616 257 3658 sua
274 3594 383 3680 sopitis
401 3594 545 3659 hostibus
562 3617 650 3659 arma
667 3607 805 3660 movent.

106 3680 275 3745 custodum
293 3680 425 3745 transire
442 3703 556 3745 manus
573 3681 769 3765 vigilumque
787 3691 929 3745 catervas

149 3765 256 3830 militis
274 3777 307 3830 et
322 3765 429 3831 miseri
445 3789 570 3852 semper
587 3766 721 3830 amantis
739 3787 829 3851 opus.

107 3850 198 3916 Mars
216 3850 347 3916 dubius:
365 3873 424 3916 uec
442 3864 528 3917 certa
545 3852 665 3918 Venus.
709 3851 846 3933 victique
863 3865 1043 3936 resurgunt,

150 3958 294 4021 quosque
312 3959 409 4023 neges
427 3959 579 4020 umquam
596 3959 689 4023 posse
706 3938 823 4013 iacere,
841 3936 969 4002 cadunt.

108 4044 184 4109 ergo
202 4021 357 4088 desidiam
374 4022 565 4107 quicumque
583 4023 719 4088 vocabat
735 4044 883 4099 amorem,

150 4108 283 4176 desinat.
326 4108 447 4198 ingenii
464 4119 512 4175 est
529 4108 717 4197 experientis
736 4130 833 4176 amor.
