2604 4974
269 311 437 367 AMORUM
453 312 527 367 LIB.
545 311 598 366 ΙΙΙ.
617 311 667 381 VI,
685 309 819 379 43—VII‚
837 311 891 395 21.Ἰ
1028 294 1090 359 127
1187 394 1189 397 Ι

64 433 141 518 quid
158 456 299 511 mecum,
317 434 450 511 furiose,
468 435 544 498 tibi?
570 434 647 518 quid
665 444 775 498 mutua
793 431 901 496 differs

106 520 244 620 gaudia?
270 520 347 603 quid
365 530 526 670 coeptum,
544 521 675 596 rustice,
693 518 814 604 rumpis
833 517 912 583 iter?

65 605 156 688 quid,
175 606 201 669 si
218 606 397 692 legitimum
437 629 541 682 ueres,
560 607 587 670 si
603 606 709 670 nobile
727 606 856 681 flumen,

107 691 134 755 si
152 691 209 755 tibi
227 715 283 778 per
301 703 400 756 terras
417 692 557 756 maxima
574 692 661 756 fama
678 691 778 756 foret?

64 798 181 842 nomen
198 777 303 842 habes·
314 777 452 854 nullum,
469 777 545 842 rivis
563 779 693 843 collecte
712 776 850 853 caducis,

107 885 166 928 nec
184 863 242 927 tibi
259 875 333 928 sunt
350 863 469 940 fontes,
487 885 546 928 nec
565 864 621 927 tibi
639 876 725 928 certa
743 863 865 926 domus.

64 949 161 1013 fontis
179 949 278 1013 habes
296 948 395 1014 instar
413 949 617 1034 pluviamque
635 949 788 1032 nivesque
807 947 936 1024 solutas,

108 1057 187 1119 quas
206 1035 264 1099 tibi
281 1035 407 1099 divitias
425 1035 517 1120 pigra
533 1035 691 1099 ministrat
709 1034 843 1119 hiemps.

65 1133 122 1184 aut
138 1121 313 1186 lutulentus
331 1121 400 1205 agis
418 1120 554 1185 brumali
572 1132 713 1206 tempore
733 1141 844 1183 cursus
873 1155 874 1159 =

109 1218 164 1271 aut
181 1206 297 1292 premis
316 1217 457 1271 arentem
474 1206 605 1291 pulvere
621 1206 727 1271 lentus
745 1206 888 1270 humum.

65 1292 138 1377 quis
156 1304 188 1358 te
205 1292 269 1356 iam
286 1292 390 1378 potuit
407 1292 515 1356 sitiens
533 1291 660 1357 haurire
678 1291 798 1356 viator?

109 1378 181 1462 quis
201 1378 280 1442 dixit
297 1388 389 1463 grata
405 1399 484 1442 voce
502 1378 663 1462 ‘perennis
683 1377 769 1442 eas'?

65 1464 238 1530 damnosus
279 1465 363 1528 ecori
381 1463 495 1540 curris,
516 1463 697 1527 damnosior
714 1462 809 1548 agris.

108 1551 242 1615 forsitan
256 1487 280 1613 l

801 1346 804 1355 ι

799 1360 804 1375 l

65 1636 141 1701 huic
158 1657 234 1722 ego,
252 1635 325 1700 vael
353 1634 483 1700 demens
501 1635 671 1700 narrabam
687 1635 854 1700 fluminum
872 1633 1010 1700 amoresl

109 1723 242 1787 iactasse
260 1721 390 1806 indigne
407 1721 537 1786 nomina
554 1732 643 1786 tanta
660 1721 768 1806 pudet.

65 1808 173 1874 nescio
191 1830 288 1892 quem
304 1807 390 1871 hunc
408 1818 554 1893 spectans
572 1807 740 1872 Acheloon
758 1818 789 1872 et
806 1805 948 1894 Inachon
966 1828 1092 1871 amnem

110 1906 141 1959 et
158 1893 247 1979 potui
264 1916 398 1971 nomen,
416 1893 503 1971 Nile,
521 1893 640 1958 referre
658 1892 763 1958 tuuml

66 1992 99 2046 at
116 1981 175 2045 tibi
191 2001 249 2066 pro
266 1979 400 2056 meritis,
420 1991 494 2064 opto
499 2024 508 2056 ‚
526 2001 592 2045 non
609 1979 743 2044 candide
761 1990 893 2055 torrens,
1113 1997 1161 2046 105

110 2067 173 2131 sint
190 2065 292 2151 rapidi
310 2065 391 2130 soles
410 2064 556 2150 siccaque
575 2088 700 2152 semper
717 2064 850 2153 hiemps.

537 2284 617 2354 VII.

66 2411 113 2475 At
130 2432 195 2475 non
213 2410 351 2475 formosa
369 2421 431 2486 est,
449 2419 481 2474 at
498 2430 563 2473 non
579 2413 663 2476 bene
681 2409 767 2475 culta
783 2408 899 2494 puella,

110 2507 157 2572 at,
176 2507 269 2582 puto,
286 2517 350 2559 non
368 2495 449 2560 votis
468 2517 562 2580 saepe
580 2494 679 2580 petita
696 2495 796 2560 meis?
876 2555 877 2559 ,

66 2583 151 2647 hanc
168 2594 274 2646 tamen
291 2581 324 2644 in
342 2581 445 2645 nullos
464 2580 552 2645 tenui
568 2581 652 2646 male
668 2580 840 2667 languidus
858 2602 945 2656 usus,

111 2667 168 2733 sed
185 2667 268 2732 iacui
284 2668 376 2752 pigro
396 2667 515 2732 crimen
533 2687 677 2750 onusque
695 2677 779 2730 toro:

68 2777 128 2818 nec
146 2753 235 2839 potui
253 2754 398 2837 cupiens,
415 2753 534 2839 pariter
551 2752 698 2837 cupiente
716 2753 832 2837 puella,

111 2839 251 2924 inguinis
268 2837 355 2903 effeti
373 2851 462 2923 parte
480 2838 610 2903 iuvante
627 2837 701 2902 frui.

67 2926 122 2990 illa
140 2924 270 3009 quidem
286 2934 394 2989 nostro
413 2924 548 2990 subiecit
565 2924 706 2990 eburnea
724 2923 805 2988 collo

113 3010 275 3086 bracchia,
294 3008 441 3076 Sithonia
459 3010 643 3074 candidiora
659 3009 744 3087 nive,

68 3097 241 3180 osculaque
259 3096 391 3160 inseruit
410 3096 524 3180 cupide
541 3096 693 3161 luctantia
710 3094 826 3182 linguis

111 3183 266 3247 lascivum
284 3182 397 3246 femori
415 3183 644 3267 supposuitque
661 3183 766 3246 femur

70 3280 102 3335 et
118 3268 198 3332 mihi
213 3266 386 3332 blanditias
404 3267 482 3331 dixit
502 3269 729 3351 dominumque
747 3267 883 3344 vocavit,

113 3365 146 3418 et
163 3376 244 3437 quae
261 3365 425 3438 praeterea
441 3353 571 3438 publica
590 3353 688 3418 verba
705 3354 825 3419 iuvant.

70 3451 155 3505 tacta
172 3451 278 3503 tamen
296 3439 395 3503 veluti
412 3439 519 3524 gelida
536 3462 608 3504 mea
625 3440 768 3504 membra
785 3439 889 3504 cicuta

113 3525 225 3610 segnia
242 3525 439 3610 propositum
456 3524 625 3591 destituere
642 3548 759 3590 meum.

71 3623 202 3676 truncus
219 3609 303 3675 iners
321 3609 419 3687 iacui,
438 3609 559 3696 species
577 3623 609 3675 et
625 3610 735 3676 inutile
753 3610 888 3696 pondus,
1117 3631 1148 3678 15

115 3709 147 3762 et
164 3718 228 3760 non
246 3709 408 3772 exactum,
427 3718 541 3782 corpus
560 3719 601 3760 an
619 3697 734 3761 umbra
750 3696 862 3760 forem.

72 3805 155 3869 quae
172 3782 251 3846 mihi
268 3794 401 3847 ventura
418 3793 480 3859 est,
499 3781 655 3865 siquidem
673 3793 821 3859 ventura,
840 3791 995 3858 senectus,

116 3891 189 3933 cum
207 3868 288 3932 desit
305 3868 444 3932 numeris
462 3869 531 3954 ipsa
548 3867 678 3933 iuventa
695 3868 779 3932 suis?

74 3953 107 4020 al
133 3955 233 4039 pudet
251 3953 419 4017 annoruml
446 3975 509 4037 quo
527 3976 579 4019 me
596 3955 808 4036 iuvenemque
826 3952 1012 4036 virumque?

117 4062 176 4104 nec
193 4041 339 4103 iuvenem
357 4061 415 4103 nec
432 4063 484 4103 me
502 4040 599 4105 sensit
617 4040 719 4104 amica
736 4038 854 4104 viruml
968 4102 971 4107 ,
1022 4096 1027 4129 ;

74 4124 122 4193 sic
138 4126 280 4190 flammas
299 4125 423 4190 aditura
439 4125 509 4212 pias
528 4138 658 4192 aeterna
675 4125 829 4193 sacerdos
1134 4122 1138 4131 '

282 1571 338 1614 aec
356 1549 450 1624 alios,
467 1571 519 1614 me
536 1572 608 1614 mea
625 1548 742 1613 damna
760 1560 898 1614 movent.
1113 1568 1161 1618 100
1251 1546 1254 1551 ’
