2604 4974
236 258 351 314 ARTIS
369 258 597 314 AMATORIAE
613 258 687 313 LIB.
707 258 743 312 II.
762 258 907 323 ato-357.
1025 244 1085 310 167

106 395 201 465 atque
220 382 329 446 adimit
348 383 459 447 merito
478 393 603 466 tempus
620 381 654 445 in
672 403 765 445 omne
782 380 888 445 fidem.
907 417 950 428 -

64 491 158 553 saepe
176 467 236 531 suh
259 482 461 545 autumnum,
480 489 552 532 cum
570 466 814 531 formosissimus
833 490 945 543 annus,
1105 488 1154 537 315

105 555 262 638 plenaque
280 575 439 638 purpureo
458 553 610 618 subrubet
628 575 692 617 uva
709 574 806 628 mero,

64 661 136 703 cum
154 639 248 703 modo
266 639 438 724 frigoribus
456 640 619 724 premitur,
637 638 732 703 modo
751 637 882 702 solvitur
900 649 1000 715 aestu,

106 730 177 789 aere
196 745 259 788 non
278 736 377 801 certo,
396 747 529 810 corpora
546 725 681 809 languor
698 723 803 789 hahet.

63 811 117 874 illa
135 811 263 892 quidem
280 811 394 875 valeat.
439 811 495 875 sed
513 810 639 875 simale
657 809 748 873 firma
766 808 895 873 cubabit

107 909 138 960 et
156 896 267 960 vitium
285 897 364 960 caeli
382 895 514 961 senserit
532 918 629 980 aegra
647 895 706 971 sui,

63 993 140 1046 tunc
158 1003 247 1045 amor
264 993 296 1046 et
312 982 414 1067 pietas
433 995 487 1047 tua
505 981 545 1045 sit
563 980 732 1045 manifesta
748 981 883 1065 puellae,

105 1079 173 1130 tum
192 1089 275 1144 sere,
295 1068 380 1150 quod
397 1067 492 1152 plena
508 1067 674 1152 postmodo
692 1067 774 1131 falce
792 1078 902 1130 metas.

63 1174 123 1218 nec
139 1152 198 1216 tihi
215 1152 332 1216 morosi
349 1153 478 1217 veniant
494 1153 622 1217 fastidia
638 1151 750 1227 morbi,

107 1259 227 1323 perque
245 1249 315 1303 tuas
333 1237 424 1315 fiant,
442 1260 525 1322 quae
543 1239 623 1303 sinet
641 1238 724 1323 ipsa,
743 1259 866 1301 manus.

64 1334 96 1389 et
113 1323 220 1388 videat
236 1324 379 1401 flentem,
397 1345 458 1388 nec
475 1323 600 1388 taedeat
617 1323 725 1387 oscula
743 1321 836 1399 ferre,

107 1419 139 1474 et
156 1409 240 1475 sicco
258 1408 404 1474 lacrimas
422 1408 572 1475 conbibat
589 1430 643 1473 ore
661 1422 742 1472 tuas.

64 1495 276 1571 multavere,
295 1496 351 1559 sed
369 1506 484 1560 cuncta
500 1494 616 1580 palam.
659 1493 846 1576 quotiesque
864 1492 984 1571 libebit,

107 1603 189 1664 quae
206 1581 325 1645 referas
343 1580 403 1656 illi,
421 1580 544 1644 somnia
559 1580 643 1644 laeta
660 1579 742 1644 vide.

64 1677 96 1731 et
113 1667 233 1743 veniat,
251 1688 333 1751 quae
351 1666 463 1731 lustret
481 1687 560 1730 anus
578 1665 758 1747 lectumque
774 1664 955 1746 locumque,

107 1752 266 1837 praeferat
284 1764 315 1816 et
332 1752 467 1816 tremula
484 1752 596 1836 sulpur
614 1763 644 1814 et
662 1772 723 1814 ova
740 1773 846 1815 manu.

65 1837 212 1901 omnihus
229 1837 278 1902 his
296 1837 421 1902 inerunt
438 1848 549 1922 gratae
566 1837 702 1922 vestigia
718 1857 826 1902 curae:

107 1923 140 1987 in
158 1923 283 1987 tabulas
301 1923 408 1987 multis
426 1923 506 1988 haec
522 1923 576 1988 via
592 1922 668 1988 fecit
684 1922 753 1987 iter.

64 2031 123 2074 nec
140 2021 247 2074 tamen
264 2008 377 2073 officiis
394 2009 502 2073 odium
519 2019 690 2092 quaeratur
708 2008 748 2073 ab
767 2029 877 2093 aegra:
989 2037 993 2046 ·

107 2095 147 2159 sit
165 2118 241 2159 suus
259 2094 292 2158 in
309 2094 427 2159 blanda
445 2095 610 2160 sedulitate
627 2092 750 2159 modus.

63 2203 145 2245 neve
163 2181 234 2246 cibo
250 2179 382 2265 prohibe
400 2202 459 2245 nec
476 2180 576 2245 amari
593 2180 708 2265 poeula
725 2179 793 2245 suci

106 2267 247 2352 porrige:
265 2266 372 2330 rivalis
389 2266 521 2331 misceat
537 2265 592 2329 illa
609 2277 692 2330 tuus.
710 2302 753 2312 -

64 2353 203 2416 sednon
221 2373 283 2434 quo
303 2351 434 2417 dederas
453 2375 473 2416 a
488 2351 580 2416 litore
598 2351 731 2416 carbasa
747 2361 853 2429 vento,

107 2438 275 2514 utendum,
293 2437 399 2503 medio
417 2459 491 2501 cum
508 2437 628 2522 potiere
645 2437 735 2501 freto.

65 2526 141 2589 dnm
159 2545 260 2588 novus
279 2534 363 2587 errat
379 2544 478 2599 amor,
495 2523 579 2587 vires
596 2522 657 2586 sibi
675 2522 803 2608 colligat
820 2545 894 2587 usu:

108 2609 233 2674 sibene
251 2608 412 2684 nutrieris,
431 2619 572 2692 tempore
589 2608 698 2672 firmus
716 2610 785 2672 erit.

65 2717 160 2781 quem
178 2704 305 2758 taurum
322 2694 450 2771 metuis,
467 2693 603 2758 vitulum
620 2694 758 2758 mulcere
776 2693 914 2759 solebas:

109 2780 168 2845 suh
186 2801 249 2864 qua
267 2801 352 2843 nune
369 2778 503 2844 recubas
520 2778 647 2855 arbore,
664 2778 755 2864 virga
771 2779 843 2845 fuit.

64 2866 204 2932 nascitur
221 2865 370 2950 exiguus,
390 2865 445 2929 sed
463 2887 538 2950 opes
557 2864 695 2948 adquirit
712 2864 826 2942 eundo,
935 2946 936 2949 Ἴ

107 2972 234 3036 quaque
251 2951 352 3028 venit,
370 2951 486 3015 multas
504 2950 618 3035 accipit
636 2950 736 3014 amnis
755 2971 864 3034 aquas.

65 3038 117 3103 fac
135 3036 192 3101 tibi
209 3048 405 3101 consuescat.
449 3036 494 3100 nil
512 3035 719 3101 adsuetudine
737 3035 853 3101 maius:

109 3144 205 3206 quam
224 3135 259 3186 tu
277 3123 353 3186 dum
371 3121 493 3222 capias,
511 3122 616 3186 taedia
632 3122 719 3186 nulla
736 3122 824 3208 fuge.

66 3220 97 3274 te
116 3230 241 3292 semper
257 3208 377 3284 videat,
395 3206 453 3271 t1bi
471 3230 596 3292 semper
613 3207 763 3292 praebeat
780 3230 883 3284 aures,

108 3293 256 3358 exhibeat
273 3294 377 3358 vultus
394 3314 520 3377 noxque
538 3294 668 3376 diesque
686 3307 767 3358 tuos.

66 3402 140 3445 cum
158 3378 214 3443 tibi
233 3378 334 3442 maior
350 3379 409 3444 erit
425 3378 555 3454 fiducia,
573 3400 666 3463 posse
684 3378 810 3462 requiri,

109 3487 182 3530 cum
199 3465 309 3548 procul
326 3464 449 3528 absenti
466 3486 542 3528 cura
559 3464 684 3528 futurus
703 3463 774 3540 eris,

67 3551 109 3614 da
127 3551 277 3633 requiem.
320 3549 482 3632 requietus
500 3571 577 3634 ager
594 3550 674 3614 bene
693 3549 813 3614 credita
830 3549 943 3627 reddit,

110 3648 256 3718 terraque
274 3636 424 3700 caelestes
443 3635 531 3699 arida
548 3635 655 3700 sorbet
672 3655 782 3717 aquas.

67 3721 218 3806 Phyllida
234 3720 446 3805 Demophoon
464 3742 612 3806 praesens
630 3720 822 3784 moderatius
840 3719 933 3784 ussit:

111 3807 228 3872 exarsit
244 3807 322 3872 velis
341 3805 444 3870 acrius
461 3808 515 3871 illa
532 3806 624 3870 datis.

68 3893 188 3957 Penelo
213 3915 253 3957 en
270 3892 385 3956 absens
402 3893 511 3956 sollers
529 3889 697 3975 torquebat
712 3888 837 3955 Ulixes.

110 3915 302 4063 Phyldcides
320 3978 443 4054 aberat,
461 3977 652 4053 Laodamia,
671 3990 754 4040 tuus.

69 4064 125 4130 sed
143 4085 232 4128 mora
249 4074 318 4129 tuta
334 4062 451 4129 brevis.
493 4063 671 4129 lentescunt
689 4073 830 4148 tempore
848 4082 953 4140 curae,
