2604 4974
332 256 500 315 AMORUM
515 258 589 314 LIB.
607 259 645 314 ΙΙ.
664 259 729 330 VII,
747 259 866 328 15-IX,
883 259 927 316 42.
1078 242 1140 310 107

504 451 661 517 ·IX.

118 555 150 622 0
168 579 343 640 numquam
361 578 419 642 pro
437 578 488 621 me
506 577 581 620 saus
599 555 760 640 indignate
780 551 922 640 Cupido,

161 664 180 706 ο
198 643 231 706 in
249 643 343 707 corde
361 663 433 706 meo
451 642 607 706 desidiose
625 663 713 726 puer,

117 729 195 812 quid
212 751 278 803 me,
297 728 352 811 qui
371 728 459 791 miles
476 749 650 810 numquam
669 741 723 792 tua
742 727 833 811 signa
849 726 972 810 reliqui,

160 814 274 889 laedis,
293 813 373 878 etin
392 813 501 877 castris
520 813 667 876 vulneror
683 814 752 898 ipse
771 812 868 876 meis?

117 920 175 964 our
193 912 247 963 tua
265 898 320 962 fax
336 899 413 972 urit,
432 899 501 983 figit
518 911 591 962 tuus
609 920 700 963 arcus
719 899 856 962 amicos?

162 983 263 1070 gloria
280 997 459 1069 pugnantes
477 984 603 1048 vincere
620 984 721 1048 maior
739 998 814 1048 erat.

117 1070 210 1154 quid,
228 1091 291 1134 non
310 1070 521 1145 Haemonius,
540 1091 634 1152 quem
652 1069 782 1155 cuspide
800 1068 947 1154 perculit,
965 1068 1058 1132 heros

161 1156 342 1220 confossum
361 1155 484 1220 medica
501 1156 666 1241 postmodo
684 1155 764 1218 iuvit
782 1155 861 1239 ope?

117 1254 250 1307 venator
267 1241 409 1323 sequitur
426 1241 595 1326 fugientia,
615 1252 707 1326 capta
725 1241 882 1323 relinquit,

161 1349 285 1412 semper
302 1341 333 1390 et
350 1327 485 1391 inventis
503 1328 652 1391 ulteriora
669 1327 761 1412 petit:

117 1434 175 1477 nos
193 1424 248 1476 tua
266 1413 433 1488 sentimus,
452 1414 588 1498 populus
606 1413 664 1476 tibi
682 1412 822 1488 deditus,
842 1434 944 1476 arma:

160 1497 252 1582 pigra
269 1499 435 1562 reluctanti
453 1511 555 1563 cessat
572 1499 605 1561 in
622 1498 712 1562 hoste
730 1520 852 1562 manus.

118 1584 196 1668 quid
214 1585 303 1647 iuvat
319 1585 351 1647 in
369 1584 463 1647 nudis
482 1596 587 1648 amata
603 1585 771 1648 retundere
789 1585 852 1647 tela

161 1669 304 1734 ossibus?
329 1691 402 1733 ossa
419 1668 496 1733 mihi
512 1670 599 1734 nuda
616 1669 763 1753 relinquit
781 1691 877 1732 amor.

117 1766 165 1820 tot
181 1755 249 1820 sine
267 1776 374 1819 amore
391 1754 464 1831 viri,
482 1766 529 1820 tot
546 1764 619 1819 sunt
637 1755 705 1819 sine
722 1777 828 1819 amore
847 1754 984 1839 puellae:
1159 1770 1189 1819 15

160 1840 235 1905 hine
252 1841 309 1904 tibi
327 1863 400 1904 cum
418 1863 534 1926 magna
551 1841 646 1905 laude
663 1841 842 1926 triumphus
861 1851 922 1904 eat.

118 1926 237 2002 Roma,
256 1925 316 1990 nisi
334 1927 514 1990 inmensum
531 1926 614 1991 vires
632 1927 782 1992 movisset
797 1927 831 1990 in
848 1925 968 2003 orbem,

161 2012 337 2076 stramineis
356 2022 437 2076 esset
454 2034 539 2076 nuno
557 2033 684 2096 quoque
701 2024 786 2076 tecta
803 2011 894 2077 casis.

117 2097 221 2162 fessus
239 2097 272 2160 in
290 2109 436 2182 acceptos
453 2097 543 2162 miles
562 2097 729 2162 deducitur
746 2119 850 2183 agros,

160 2181 295 2247 mittitur
312 2184 344 2246 in
356 2183 461 2247 saltus
479 2205 605 2248 earcere
622 2183 702 2248 liber
718 2206 830 2266 equus,

117 2269 277 2354 longaque
295 2267 484 2333 subductam
502 2270 606 2334 celant
622 2270 747 2333 navalia
763 2269 873 2353 pinum

160 2365 292 2438 tutaque
310 2353 453 2439 deposito
470 2354 611 2439 poscitur
628 2377 703 2419 ense
720 2355 816 2418 rudis.

117 2463 169 2504 me
186 2461 327 2522 quoque,
346 2439 401 2522 qui
418 2439 532 2504 totiens
549 2440 652 2505 merui
669 2438 729 2504 sub
748 2461 853 2503 amore
871 2437 1006 2523 puellae,

161 2524 345 2590 defunctum
364 2525 487 2610 placide
505 2525 613 2591 vivere
630 2537 755 2610 tempus
774 2534 850 2589 erat.
870 2571 877 2587 .
897 2569 906 2587 .
925 2571 933 2587 .

118 2611 219 2674 ‘vive'
238 2610 317 2674 deus
336 2610 466 2694 ‘posito’
485 2610 582 2694 siquis
601 2610 678 2674 mihi
696 2611 780 2674 dicat
798 2609 943 2673 ‘amore’:

160 2697 320 2780 deprecer.
365 2717 466 2779 usque
484 2697 563 2761 adeo
582 2697 673 2761 dulce
690 2696 797 2781 puella
814 2695 933 2758 malum
952 2703 1009 2758 est.

118 2803 191 2847 oum
209 2782 290 2845 bene
308 2791 488 2866 pertaesum
506 2795 568 2858 est,
587 2781 755 2864 animoque
772 2780 929 2865 relanguit
946 2779 1049 2856 ardor,

160 2866 267 2933 nescio
285 2887 348 2951 quo
366 2867 499 2932 miserae
516 2869 642 2932 turbine
659 2867 773 2932 mentis
792 2887 880 2966 agor.

118 2964 154 3018 ut
170 2952 254 3037 rapit
271 2951 304 3015 in
321 2974 473 3038 praeceps
492 2953 655 3018 dominum
674 2967 852 3038 spumantia
869 2951 986 3015 frustra

160 3038 251 3103 frena
268 3047 476 3103 retentantem
494 3039 602 3103 durior
618 3039 680 3103 oris
698 3060 812 3121 equus:

117 3133 153 3187 ut
171 3123 310 3200 subitus,
328 3145 427 3209 prope
446 3125 508 3187 iam
527 3148 642 3210 prensa
659 3125 781 3200 tellure,
801 3122 939 3188 carinam

160 3220 343 3293 tangentem
360 3220 470 3294 portus
488 3222 601 3275 ventus
619 3211 653 3274 in
671 3210 734 3273 alta
751 3210 846 3294 rapit:

117 3295 163 3359 sie
181 3318 232 3359 me
249 3313 345 3378 saepe
362 3295 459 3359 refert
475 3294 594 3359 incerta
612 3296 768 3380 cupidinis
786 3317 874 3370 aura,

159 3392 298 3463 notaque
316 3402 494 3464 purpureus
512 3382 575 3445 tela
592 3381 723 3444 resumit
740 3381 851 3444 Amor.

117 3465 195 3551 fige,
214 3487 301 3550 puer.
345 3465 456 3550 positis
474 3467 580 3530 nudus
597 3466 655 3529 tibi
673 3466 826 3551 praebeor
843 3464 951 3528 armis:

161 3551 212 3616 hic
229 3550 286 3615 tibi
304 3562 378 3615 sunt
395 3551 492 3627 vires,
510 3551 561 3616 hic
579 3564 634 3615 tua
652 3552 763 3616 dextra
780 3550 870 3615 laeitl

117 3637 195 3713 huc,
213 3648 376 3721 tamquam
393 3637 513 3713 iussae,
532 3638 663 3702 veniunt
679 3637 744 3701 iam
761 3647 873 3722 sponte
891 3634 1039 3721 sagittae:

160 3723 215 3787 vix
231 3722 292 3787 illis
310 3745 387 3809 prae
405 3744 456 3787 me
473 3733 549 3787 nota
565 3723 713 3808 pharetra
731 3744 790 3786 sua
807 3733 864 3787 est.

117 3808 242 3883 infelix,
261 3817 328 3872 tota
345 3807 538 3892 quicumque
556 3808 718 3892 quiescere
736 3818 829 3873 noete

160 3893 294 3958 sustinet
311 3905 343 3959 et
360 3914 487 3958 somnos
505 3894 646 3980 praemia
663 3916 779 3980 magna
796 3903 899 3957 vocat.

65 4000 72 4047 t
118 3980 225 4056 stulte,
244 3979 321 4063 quid
339 3990 387 4044 est
403 4001 547 4056 somnus,
565 3980 689 4064 gelidae
707 3980 767 4043 nisi
785 3979 893 4044 mortis
911 3979 1037 4065 imago?

159 4066 255 4151 longa
272 4064 454 4150 quiescendi
472 4079 615 4151 tempora
631 4065 699 4130 fata
716 4065 846 4130 dabunt.
