2604 4974
271 685 313 752 62
606 703 640 759 e.
659 702 947 774 ovmrunsours

311 847 476 908 quaerere,
495 826 521 891 si
538 827 655 905 nescis,
674 828 811 892 maxima
829 850 904 890 cura
921 827 991 890 fuit.

269 911 351 976 adde
369 913 468 995 quod,
485 926 522 977 ut
540 915 649 998 cupias
668 926 814 978 constans
831 913 864 976 in
882 934 989 977 amore
1007 935 1143 989 manere,

202 1015 251 1065 200
311 1019 374 1060 non
393 1013 496 1082 potes:
515 998 688 1085 expediunt
704 1000 768 1063 iam
785 1012 841 1062 tua
858 999 930 1062 vela
946 997 1103 1083 Phryges,

269 1082 344 1146 dum
362 1084 500 1166 loqueris
518 1107 657 1162 mecum,
676 1086 752 1149 dum
769 1107 834 1148 nox
850 1095 976 1168 sperata
993 1096 1131 1168 paratur,

310 1169 365 1250 qui
382 1168 463 1233 ferat
480 1170 513 1233 in
530 1171 664 1255 patriam
683 1171 746 1234 iam
763 1170 821 1233 tibi
839 1182 952 1234 ventus
970 1169 1037 1233 erit.

268 1253 411 1318 cursibus
429 1255 462 1318 in
479 1256 591 1321 mediis
608 1256 756 1320 novitatis
775 1256 867 1341 plena
885 1254 1042 1337 relinques

309 1339 440 1425 gaudia:
459 1363 533 1405 cum
549 1341 651 1406 ventis
668 1353 774 1406 noster
793 1340 892 1404 abibit
909 1362 1006 1404 amor.

200 1442 249 1492 205
267 1447 309 1488 an
327 1446 455 1509 sequar,
473 1436 509 1491 ut
527 1427 657 1503 suades,
675 1427 866 1509 laudataque
883 1424 1043 1510 Pergama
1060 1425 1171 1503 visam,

308 1532 465 1594 pronurus
484 1524 515 1577 et
531 1513 638 1599 magui
656 1512 886 1576 Laumedontis
903 1510 976 1575 ero?

266 1617 330 1660 non
347 1597 392 1661 ita
409 1612 576 1663 contemno
594 1599 731 1664 volneris
748 1596 917 1682 praeconia
933 1596 1048 1673 famae,

308 1694 344 1746 ut
360 1683 483 1767 probris
501 1695 599 1749 terras
616 1685 747 1748 impleat
762 1684 817 1748 illa
834 1683 922 1748 meis.

267 1768 344 1851 quid
362 1769 402 1833 de
420 1792 470 1835 me
488 1770 601 1856 poterit
622 1769 752 1856 bparte,
771 1770 847 1853 quid
864 1767 990 1832 Aeha'r'a
1006 1777 1083 1844 tota,

199 1871 249 1920 210
308 1854 386 1936 quid
403 1869 514 1940 gentes
533 1856 626 1931 aliae,
645 1857 721 1940 quid
739 1866 794 1919 tua
811 1854 908 1919 Troia
925 1853 1031 1935 loqui?

265 1939 343 2021 quid
358 1940 506 2006 Priamus
525 1942 564 2007 de
581 1965 646 2018 me,
664 1941 785 2005 Priami
802 1940 880 2024 quid
897 1939 1009 2004 sentiet
1025 1960 1115 2015 uxor,

307 2037 415 2107 totque
433 2027 479 2092 tui
496 2027 608 2091 fratres
627 2026 892 2109 Dardanidesque
909 2024 1027 2090 nurus?

264 2119 299 2174 tu
318 2133 458 2194 quoque,
476 2113 532 2196 qui
549 2112 665 2198 poteris
683 2113 751 2177 fore
768 2135 820 2176 me
838 2134 965 2195 sperare
981 2111 1117 2187 fidelem,

307 2208 339 2260 et
356 2219 419 2261 non
438 2199 589 2282 exemplis
608 2198 720 2262 anxius
738 2220 807 2263 esse
825 2197 907 2261 tuis?

197 2298 246 2347 215
265 2281 457 2365 quicumque
476 2285 588 2348 Iliacos
606 2284 769 2347 intraverit
786 2282 910 2347 advena
925 2293 1045 2367 portus,

306 2367 334 2431 is
352 2368 409 2431 tibi
426 2369 549 2433 solliciti
567 2392 663 2433 causa
680 2369 799 2445 timoris
817 2369 884 2433 erit.

264 2451 332 2537 ipse
349 2454 427 2517 mihi
445 2455 590 2537 quotiens
608 2455 707 2519 iratus
726 2453 896 2518 ‘adultera'
915 2453 1011 2530 dices,

307 2539 422 2604 oblitus
440 2536 547 2604 nostro
565 2541 684 2604 crimen
700 2540 804 2604 inesse
821 2539 931 2605 tuum?

264 2624 369 2689 delicti
386 2625 443 2689 fies
460 2625 544 2690 idem
562 2625 768 2711 reprehensor
785 2636 817 2691 et
834 2636 953 2689 auctor.

196 2725 246 2775 220
306 2721 403 2786 terra,
420 2733 541 2796 precor,
560 2712 667 2775 vultus
685 2711 799 2776 obruat
816 2722 888 2776 ante
905 2710 1008 2775 meosl

263 2805 296 2858 at
312 2795 401 2860 fruar
416 2796 522 2861 Iliacis
541 2797 654 2882 opibus
672 2798 822 2880 cultuque
840 2797 934 2862 beato

305 2880 452 2966 donaque
470 2883 632 2967 promissis
649 2883 796 2947 uberiora
812 2882 932 2947 feram?

262 2988 405 3052 purpura
422 2991 536 3052 nempe
553 2968 631 3032 mihi
647 2968 848 3054 pretiosaque
865 2978 952 3032 texta
970 2967 1139 3045 dabuntur,

306 3065 521 3138 congestoque
539 3054 607 3118 auri
625 3054 764 3139 pondere
781 3055 869 3119 dives
888 3053 960 3118 ero?

195 3154 244 3203 225
263 3137 304 3201 da
322 3139 446 3203 veniam
463 3138 582 3204 fassae:
600 3162 665 3204 non
683 3150 758 3204 sunt
775 3151 831 3204 tua
847 3161 980 3204 munera
996 3139 1091 3215 tanti3

304 3225 491 3308 nescioquo
510 3227 602 3290 tellus
620 3249 671 3291 me
689 3236 775 3290 tenet
791 3227 860 3311 ipsa
877 3224 982 3288 modo·

263 3310 333 3391 quis
351 3310 443 3387 mihi,
461 3311 487 3374 si
504 3312 621 3387 laedar,
639 3310 790 3396 Phrygiis
808 3321 969 3375 succurret
986 3309 1020 3373 in
1039 3309 1121 3374 oris?

303 3395 388 3460 unde
405 3409 512 3480 petam
529 3397 657 3473 fratres,
674 3397 759 3461 unde
776 3396 914 3481 parentis
932 3397 1044 3480 opem?

262 3481 367 3544 omnia
384 3481 521 3547 Medeae
539 3483 637 3547 fallax
654 3482 798 3568 promisit
814 3483 923 3545 Iason:

195 3583 244 3632 250
303 3567 395 3649 pulsa
413 3579 459 3632 est
476 3568 618 3632 Aesonia
634 3590 710 3631 num
728 3567 833 3631 minus
851 3567 905 3630 illa
923 3566 1037 3630 domo?

261 3671 325 3714 non
343 3663 410 3716 erat
426 3654 561 3728 Aeetes,
579 3654 620 3717 ad
639 3673 733 3732 quem
751 3653 899 3737 despecta
916 3653 1042 3728 rediret,

303 3758 367 3801 non
385 3737 478 3822 Idyia
494 3761 608 3823 parens
627 3738 863 3822 Chalciopeque
880 3737 981 3802 soror!

261 3821 324 3886 tale
341 3822 418 3886 nihil
436 3824 546 3888 timeo:
565 3824 623 3888 sed
638 3846 698 3889 nee
715 3823 834 3888 Medea
851 3823 991 3888 timebat.

303 3906 424 3972 fallitur
441 3909 574 3993 augurio
593 3933 664 3995 spes
683 3909 767 3974 bona
784 3932 879 3994 saepe
897 3930 963 3973 suo.

194 4012 242 4062 235
261 3992 407 4057 omnibus
424 3994 581 4071 invenies,
599 4017 681 4078 quae
699 4016 785 4059 nunc
801 3995 959 4060 iactantur
975 3994 1009 4059 in
1027 3994 1101 4070 alte,

302 4078 438 4143 navibus
457 4103 477 4143 a
493 4092 586 4165 portu
603 4082 673 4146 lene
690 4080 790 4146 finisse
807 4080 934 4145 fretum.

260 4162 316 4227 fax
333 4185 460 4247 quoque
477 4189 528 4230 me
548 4177 657 4243 terret,
676 4188 773 4250 quam
791 4188 825 4230 se
842 4165 1002 4251 peperisse
1020 4175 1183 4230 cruentam

303 4260 376 4314 ante
393 4250 477 4315 diem
494 4262 603 4336 partus
621 4264 669 4317 est
686 4265 742 4315 tua
759 4250 827 4315 visa
844 4273 972 4336 parens:

260 4344 293 4399 st
310 4345 419 4400 vatum
436 4336 532 4402 timeo
548 4338 701 4413 monitus,
718 4357 799 4419 quos
816 4336 890 4421 igne
907 4336 1045 4422 Pelasgo

192 4440 244 4491 245
302 4420 386 4485 Ilion
403 4444 549 4487 arsurum
565 4422 801 4508 praemonuisse
818 4421 966 4511 ferunt-*³

145 4558 157 4597 ·.·
259 4517 359 4593 utque
375 4506 462 4573 favet
480 4505 642 4594 Cytherea
658 4508 732 4586 tibi,
748 4507 824 4592 quia
840 4506 917 4573 vicit
933 4508 1093 4593 habetque
