2604 4974
218 807 279 875 152
555 824 589 879 Ρ.
609 824 718 881 OVIDI
735 823 898 882 NASONIS

145 967 196 1018 430
257 957 289 1012 et
305 946 450 1030 quotiens
468 968 547 1032 opus
565 961 627 1026 est,
644 949 784 1014 nascitur
800 948 854 1012 illa
872 947 950 1011 sibi?

213 1033 304 1116 quid,
323 1053 395 1097 oum
414 1034 558 1099 mendaci
576 1035 691 1099 damno
709 1033 917 1099 maestissima
934 1034 1046 1118 plorat,

255 1118 443 1202 elapsasque
462 1140 540 1183 aava
556 1119 600 1184 fin
625 1120 686 1184 ’tur
704 1143 779 1185 aure
797 1119 897 1203 lapis?

212 1204 313 1267 multa
329 1214 442 1289 rogant
459 1205 578 1269 utenda
618 1205 678 1282 ari,
697 1205 772 1269 data
788 1205 920 1269 reddere
936 1204 1063 1269 nolunt:

254 1288 373 1373 perdis,
392 1302 424 1354 et
440 1289 473 1355 in
491 1290 606 1354 damno
623 1291 726 1376 gratia
743 1291 830 1354 nulla
847 1301 912 1354 tuo.

147 1397 194 1446 435
212 1396 276 1439 non
294 1374 386 1451 mihi,
405 1375 573 1460 sacrilegas
591 1377 793 1441 meretricum
809 1388 846 1440 ut
862 1397 1033 1460 persequar
1050 1386 1143 1450 artes,

256 1482 329 1525 cum
347 1460 478 1526 totidem
496 1462 611 1546 linguis
630 1462 692 1526 sint
709 1462 784 1526 satis
802 1483 858 1525 ora
875 1461 994 1525 decem.
1013 1497 1055 1506 —

213 1568 284 1611 cera
302 1546 419 1610 vadum
437 1559 569 1631 temptet
585 1548 664 1611 rasis
681 1547 788 1612 infusa
805 1546 943 1611 tabellis:

255 1653 327 1697 cera
344 1643 417 1696 tuae
435 1632 572 1718 primum
590 1634 716 1697 conseia
733 1632 846 1696 mentis
864 1641 925 1696 eat

211 1716 380 1782 blanditias
397 1718 479 1783 ferat
495 1718 549 1782 illa
567 1730 637 1783 tuas
653 1718 838 1801 imitataque
856 1730 1018 1781 amantum

144 1828 194 1877 440
254 1803 360 1868 verba.
404 1826 464 1869 nec
481 1804 627 1889 exiguas,
643 1804 788 1887 quisquis
805 1826 854 1879 es,
872 1803 954 1868 adde
970 1824 1091 1902 preces.

211 1889 353 1954 Hectora
370 1889 499 1954 donavit
515 1890 644 1954 Priamo
661 1911 754 1975 prece
772 1901 877 1953 motus
895 1888 1051 1953 Ach1lles:

253 1974 389 2039 flectitur
406 1975 504 2040 iratus
523 1997 600 2040 voce
618 1987 750 2062 rogante
769 1975 857 2038 deus.

212 2060 375 2145 promittas
393 2060 499 2126 facito.
543 2062 620 2144 quid
638 2062 721 2126 enim
740 2060 921 2146 promittere
938 2059 1054 2124 laedit?

253 2146 399 2230 pollicitis
417 2147 506 2212 dives
524 2147 657 2230 quilibet
674 2168 744 2212 esse
762 2157 874 2231 potest

143 2255 193 2304 445
212 2253 283 2316 spes
301 2242 387 2296 tenet
403 2232 437 2297 in
454 2245 593 2318 tempus,
612 2235 710 2298 semel
728 2245 776 2296 est
793 2232 819 2296 si
838 2231 969 2308 credita,
988 2232 1135 2316 longum:

253 2318 307 2382 illa
324 2318 452 2401 quidem
470 2319 582 2395 fallax,
601 2319 657 2384 sed
675 2330 782 2383 tamen
800 2328 875 2403 apta
893 2317 953 2380 dea
970 2327 1027 2380 est.

211 2403 238 2467 si
257 2404 380 2468 dederis
398 2404 531 2487 aliquid,
549 2404 666 2489 poteris
682 2404 803 2469 ratione
820 2401 969 2485 relinqui:

252 2489 456 2574 praeteritum
474 2490 591 2568 tulerit,
610 2490 843 2575 perdideritque
860 2488 947 2552 nihil.

212 2584 245 2638 at
261 2576 348 2658 qnod
365 2598 429 2640 non
448 2575 585 2652 dederis,
604 2599 728 2661 semper
745 2575 872 2639 videare
890 2574 1030 2637 daturus.

144 2685 194 2734 450
256 2661 301 2725 sio
319 2661 482 2725 dominum
499 2662 612 2727 sterilis
631 2684 726 2747 saepe
743 2660 856 2725 fefellit
873 2682 962 2745 ager:

212 2745 270 2822 sic,
288 2769 329 2811 ne
347 2747 532 2832 perdiderit,
550 2769 614 2812 non
632 2757 734 2812 cessat
751 2746 883 2831 perdere
899 2746 996 2822 lusor,

252 2844 284 2897 et
301 2845 429 2898 revocat
447 2833 578 2919 cupidas
597 2835 666 2899 alca
683 2855 778 2917 saepe
795 2855 918 2896 manus.

209 2917 270 2983 hoc
287 2940 380 3004 opus,
397 2919 449 2984 hio
466 2920 557 2984 labor
573 2930 634 2995 est,
652 2919 754 3004 primo
772 2917 839 2982 sine
856 2939 986 2982 munere
1002 2916 1103 3002 iungi.

251 3026 292 3069 ne
310 3005 431 3070 dederit
448 3006 547 3091 gratis
565 3027 646 3089 quae
664 3004 764 3078 dedit,
782 3024 884 3087 usque
902 3002 1000 3067 dabit.

141 3113 190 3162 455
210 3111 286 3176 ergo
305 3103 355 3155 eat
373 3101 405 3155 et
422 3091 546 3155 blandis
564 3102 726 3176 peraretur
743 3090 846 3154 littera
864 3088 969 3153 verbis

252 3177 456 3261 exploratque
475 3177 595 3241 animos
613 3177 777 3262 primaque
794 3185 927 3258 temptet
943 3174 1012 3240 iter.

209 3262 312 3327 littera
330 3258 500 3348 Cydippen
517 3284 611 3346 pomo
629 3263 750 3347 perlata
768 3259 890 3336 fefellit,

250 3349 412 3431 inseiaque
430 3361 476 3413 est
495 3348 599 3413 verbis
617 3359 710 3432 capta
728 3346 833 3432 puella
851 3345 925 3409 suis.

209 3432 295 3497 disce
313 3432 412 3497 bonas
431 3447 527 3511 artes,
546 3456 673 3509 moneo,
692 3432 838 3496 Romana
854 3431 1011 3508 iuventus,

140 3540 191 3591 460
250 3540 315 3583 non
333 3530 455 3583 tantum
473 3519 612 3604 trepidos
630 3531 666 3583 ut
684 3530 792 3582 tueare
809 3538 890 3582 reos.

209 3626 305 3688 quam
322 3605 459 3688 populus
477 3605 636 3688 iudexque
654 3603 761 3689 gravis
779 3604 944 3686 lectusque
961 3612 1101 3678 senatus,

251 3702 316 3754 tam
334 3690 422 3754 dabit
439 3690 563 3773 eloquio
581 3690 665 3755 victa
681 3688 788 3775 puella
804 3711 926 3752 manus.

208 3776 264 3842 sed
281 3776 399 3840 lateant
416 3776 514 3852 vires,
532 3798 591 3841 neo
609 3776 651 3840 sis
669 3775 702 3838 in
719 3774 822 3839 fronte
841 3773 985 3838 disertus.

250 3860 406 3946 effugiant
423 3884 516 3927 voces
534 3862 632 3927 verba
647 3861 781 3925 molesta
798 3870 882 3924 tuae.

139 3969 189 4020 465
207 3948 293 4031 quis,
310 3947 372 4011 nisi
389 3947 503 4012 mentis
520 3947 625 4033 inops,
643 3959 769 4012 tenerae
787 3945 944 4010 declamat
961 3945 1104 4010 amicae?

249 4054 344 4117 saepe
362 4034 471 4098 valens
488 4033 553 4097 odii
570 4034 673 4099 littera
690 4055 786 4096 causa
802 4030 873 4095 fuit.

207 4118 248 4183 sit
265 4119 323 4183 tibi
342 4119 500 4185 credibilis
517 4141 620 4185 sermo
639 4129 852 4199 consuetaque
870 4116 977 4191 verba,

252 4204 368 4269 blanda
384 4218 505 4282 tamen,
523 4227 672 4308 praesens
690 4215 726 4267 ut
743 4203 870 4267 videare
887 4202 985 4284 loqui.
1116 4270 1121 4278 ,

206 4291 315 4355 sinon
332 4291 464 4377 accipiet
481 4304 633 4377 scriptum
649 4290 863 4371 inlectumque
880 4287 1029 4364 remittet,

137 4398 190 4449 tto
248 4376 402 4442 lecturam
419 4398 512 4462 spera
528 4375 787 4478 propositumque
804 4385 888 4437 tene.

206 4472 348 4547 tempore
365 4461 510 4529 difficiles
527 4471 658 4529 vemunt
675 4460 716 4524 ad
733 4469 838 4522 aratra
853 4458 991 4534 iuvenci,

247 4560 391 4633 tempore
406 4547 494 4613 lenta
508 4549 575 4633 pati
591 4546 683 4612 frena
700 4545 852 4609 docentur
868 4542 952 4626 equi,

189 4632 322 4703 ansus
339 4632 481 4703 adsiduo
498 4631 695 4703 consumitur
711 4629 828 4697 anulus
840 4650 915 4708 usu,
