2604 4974
306 296 473 356 mortun
488 296 561 352 niu.
579 295 605 354 1.
622 295 686 365 vn,
703 295 850 366 aa-vnr,
867 295 909 351 oo.
1076 277 1118 346 89

104 433 216 491 evocat
233 421 370 507 antiquis
386 442 521 507 proavos
539 430 710 498 atavosque
727 417 900 504 sepulchris
1013 410 1017 416 ἱ

147 522 178 576 et
196 509 329 573 solidam
345 508 441 593 longo
459 507 596 570 carmine
613 504 703 568 findit
719 505 860 569 humum.

104 596 183 661 haec
201 594 261 659 sibi
279 592 442 678 proposuit
459 592 613 656 thalamos
631 602 783 655 temerare
801 590 943 675 pudicos.

147 702 206 744 nec
223 690 329 745 tamen
347 677 471 761 eloquio
488 676 597 762 lingua
613 686 746 741 nocente
764 685 858 740 caret.

105 767 170 830 fors
188 787 239 829 me
257 764 392 829 sermoni
410 773 520 827 testem
540 761 634 826 dedit
678 762 733 825 illa
749 761 898 826 monebat

147 849 282 914 talia-
297 870 349 912 me
367 846 507 933 duplices
525 846 690 911 occuluere
707 846 791 912 fores
808 881 851 892 —-

107 937 182 1000 ‘scis
200 933 275 1000 here
293 945 338 1010 te,
359 956 432 998 mea
448 933 519 1008 lux,
535 930 642 996 iuveni
656 931 814 1016 placuisse
832 931 943 996 beatu?

148 1019 249 1085 haesit
266 1019 347 1084 etin
363 1019 453 1083 vultu
470 1016 608 1081 constitit
625 1037 726 1098 usque
743 1027 809 1081 tuo.

106 1119 137 1172 et
156 1129 212 1170 cur
228 1127 291 1168 nou
308 1104 454 1191 placeas?
480 1102 557 1166 nulli
575 1112 631 1166 tua
646 1101 749 1167 forma
766 1102 905 1167 secunda
922 1112 980 1166 est.

148 1212 198 1254 me
216 1189 377 1264 miseram,
394 1188 510 1273 dignus
529 1208 658 1270 corpore
676 1186 778 1251 cultus
796 1187 900 1253 abestl

107 1290 171 1340 tam
189 1275 265 1340 felix
284 1295 382 1348 esses,
401 1295 496 1355 quarn
513 1270 752 1349 formosissima,
770 1274 898 1337 vellem:

148 1381 215 1423 non
234 1379 306 1444 ego,
323 1368 354 1423 te
371 1356 457 1421 facta
474 1356 586 1432 divite,
602 1378 724 1440 pauper
741 1379 804 1422 ero.

107 1445 198 1509 stella
215 1443 272 1507 tibi
289 1442 424 1528 oppositi
440 1441 547 1506 nocuit
565 1441 721 1506 contraria
737 1441 863 1506 Martis.

149 1529 240 1592 Mars
257 1528 350 1591 abiit:
369 1527 460 1612 signo
476 1548 561 1591 nunc
577 1527 688 1592 Venus
705 1539 779 1612 apta
795 1538 860 1592 tuo.

107 1615 205 1700 prosit
222 1625 259 1678 ut
276 1613 461 1688 adveniens,
480 1634 520 1676 en
537 1611 656 1697 aspice,
674 1611 762 1678 dives
780 1623 915 1677 amator:

151 1711 181 1764 te
200 1698 307 1783 cupiit.
351 1720 458 1774 cinae,
476 1697 553 1780 quid
570 1696 629 1761 tibi
645 1697 739 1773 desit,
757 1697 863 1762 habet.

108 1795 156 1850 est
173 1783 268 1849 etiam
285 1782 397 1860 facies,
415 1803 497 1865 quae
515 1805 549 1848 sc
566 1781 624 1846 tibi
642 1796 805 1868 conparet,
823 1783 883 1846 illi:

152 1870 178 1933 si
196 1880 227 1933 te
245 1889 308 1933 non
325 1878 464 1954 emptam
481 1867 590 1943 vellet,
608 1870 760 1933 emendus
778 1869 864 1934 erat!

107 1954 243 2021 erubuit.
287 1953 392 2018 ‘decet
408 1952 481 2016 alba
498 1953 626 2035 quidem
665 1953 745 2018 udor
761 1976 825 2019 ora.
869 1951 926 2019 sed
942 1953 1012 2030 iste,

150 2041 177 2104 si
195 2039 336 2115 simules,
353 2038 495 2123 prodest:
514 2061 606 2102 verus
624 1976 736 2105 obesse
753 2040 842 2115 solet.

108 2148 182 2191 eum
198 2124 280 2189 bene
298 2123 426 2188 deiectis
444 2123 601 2208 gremium
618 2124 774 2208 spectabis
793 2123 910 2200 ocellis,

151 2221 304 2293 quantum
321 2208 454 2292 quisque
472 2208 567 2286 ferat,
584 2208 799 2295 respiciendus
817 2208 884 2274 erit.

107 2296 240 2360 forsitan
257 2292 442 2368 inmundae,
460 2293 553 2358 Tatio
570 2304 737 2379 regnante,
756 2293 894 2361 Sabinae

149 2380 306 2445 noluerint
323 2379 444 2444 habiles
459 2379 689 2469 pluribus-‚esse
706 2380 791 2444 viris.

106 2488 192 2532 nunc
209 2466 299 2529 Mars
317 2463 454 2529 externis
471 2464 592 2529 animos
610 2475 735 2531 exercet
750 2463 784 2529 in
802 2465 911 2530 armis:

150 2562 183 2615 at
199 2551 310 2618 Venus
327 2551 458 2615 Aeneae
474 2560 587 2635 regnat
603 2550 637 2614 in
653 2551 732 2615 urbe
749 2551 808 2614 sui.

106 2636 221 2700 ludunt
238 2635 404 2700 fuunosae.
448 2647 535 2699 casta
552 2646 614 2711 est,
630 2656 726 2719 quam
743 2657 837 2700 nemo
853 2636 991 2722 rogavit:

150 2732 219 2798 aut,
238 2720 265 2784 si
281 2721 439 2784 rusticitas
456 2742 521 2783 non
537 2731 638 2798 vetat,
655 2720 725 2805 ipsa
740 2731 842 2806 rogat.

107 2807 164 2870 has
183 2827 324 2889 quoque,
341 2826 420 2888 quas
437 2804 548 2869 frontis
566 2828 662 2890 rugas
677 2805 711 2870 iu
728 2806 846 2871 vertice
862 2817 979 2892 portas,

150 2903 276 2956 excute:
300 2891 339 2955 de
356 2889 444 2976 rugis
462 2891 593 2956 crimina
610 2892 709 2956 multa
726 2891 849 2957 cadent.

107 2977 268 3062 Penelope
285 2976 436 3041 iuvenum
453 2975 536 3041 vires
553 2976 728 3061 temptabat
743 2977 778 3042 in
795 2999 884 3042 arcu:

148 3062 205 3146 qui
221 3064 303 3125 latus
322 3070 484 3146 argueret,
502 3083 633 3128 corneus
652 3084 742 3127 arcus
761 3073 837 3128 erat.

107 3147 223 3211 labitur
239 3147 362 3210 occulte
379 3144 523 3230 fallitque
540 3146 686 3212 volubilis
704 3157 800 3224 aetas,

150 3243 180 3295 et
198 3231 281 3296 celer
298 3229 441 3295 admissis
458 3231 575 3296 labitur
591 3255 691 3297 annus
709 3233 808 3315 equis.

107 3339 181 3380 aera
197 3315 297 3380 nitent
313 3338 384 3379 usu.
427 3317 524 3380 vestis
541 3317 626 3381 bona
641 3319 764 3400 quaerit
782 3318 901 3383 haberi.

150 3411 321 3466 canescunt
337 3400 422 3485 turpi
440 3412 523 3466 tecta
538 3401 647 3467 relicta
664 3402 736 3467 situ.

105 3487 222 3562 forma,
240 3485 479 3563 uisipadmittas,
497 3487 583 3550 nullo
600 3499 765 3553 exercente
783 3490 926 3553 senescit.

148 3593 208 3636 nee
226 3570 301 3636 satis
319 3568 449 3636 effectus
467 3594 549 3635 unus
567 3583 598 3635 et
615 3573 693 3636 alter
710 3573 837 3638 habeut.

108 3656 220 3723 certior
237 3679 255 3722 e
272 3655 378 3720 multis
395 3677 456 3720 nec
471 3656 534 3720 iam
551 3656 705 3722 invidiosa
722 3659 833 3743 rapina
850 3668 911 3722 est:

147 3744 242 3828 plena
258 3741 345 3806 venit
362 3741 448 3805 canis
467 3741 506 3806 de
522 3764 621 3828 grege
638 3743 756 3827 praeda
773 3743 865 3829 lupis.

105 3849 195 3905 ecce,
213 3826 288 3910 quid
306 3826 372 3891 iste'
383 3836 456 3890 tuus
473 3840 596 3912 praeter
612 3849 697 3892 nova
713 3828 853 3895 carmina
868 3838 956 3894 vates

150 3912 265 3980 donat?
290 3910 438 3976 amatoris
455 3912 541 3976 milia
558 3914 657 3978 multa
673 3913 771 3997 leges.

104 3998 174 4085 ipse
192 3998 271 4064 deus
287 4008 397 4063 vatum
413 3997 498 4082 palla
514 3997 692 4084 sppctabilis
709 4021 807 4065 aurea

148 4093 262 4150 tractat
278 4081 440 4149 inauratae
458 4104 595 4148 consona
611 4083 665 4149 fila
681 4083 777 4171 lyrae.
