2604 4974
326 308 493 366 Auouuu
509 308 582 364 mn.
598 304 624 362 1.
643 308 695 378 ru,
713 304 845 378 r-mrr,
863 305 905 362 m.

105 431 153 495 his
172 452 233 516 ego
252 431 393 495 commisi
411 445 533 496 nostros
551 432 680 496 insanus
699 452 821 495 amores

147 516 318 600 molliaque
336 518 376 581 ad
395 518 554 581 dominam
573 517 671 582 verba
688 516 818 582 ferenda
836 515 929 580 dedi?

105 602 210 687 aptius
228 602 289 666 hae
306 603 432 687 capiant
450 602 631 666 vadimonia
647 603 776 687 garrula
793 623 894 677 cerae,

147 709 227 771 quas
246 688 359 771 aliquis
377 688 456 752 duro
474 689 618 775 cognitor
634 709 689 752 ore
705 687 801 772 legat.

104 772 186 838 inter
203 772 421 858 ephemeridas
438 773 551 838 melius
568 773 756 855 tabulasque
773 771 922 847 iacerent,

147 859 181 922 in
198 858 314 941 quibus
332 859 515 944 absumptas
533 859 622 924 fleret
640 879 754 923 avarus
771 878 857 941 opes.

106 965 182 1028 ergo
200 965 261 1029 ego
279 965 336 1008 vos
353 944 449 1008 rebus
467 944 609 1029 duplices
626 965 684 1029 pro
701 942 828 1007 nomine
846 940 939 1007 sensi·

149 1029 282 1114 auspicii
298 1053 449 1094 numerus
466 1051 529 1093 non
549 1042 616 1094 erat
633 1029 702 1114 ipse
718 1028 804 1092 boni.

106 1113 183 1198 quid
200 1136 311 1199 precer
327 1115 440 1192 iratus,
459 1114 519 1179 nisi
537 1137 594 1178 vos
612 1114 734 1180 cariosa
751 1125 896 1179 senectus

147 1199 252 1277 rodat,
270 1212 301 1265 et
318 1199 470 1265 inmundo
488 1222 561 1265 cera
578 1200 618 1265 sit
636 1199 710 1264 alba
726 1199 802 1264 situl
895 1218 902 1230 ⁴

546 1353 646 1418 XIII.

105 1458 174 1521 lam
193 1478 288 1542 super
305 1478 459 1521 oceanum
477 1457 563 1522 venit
580 1479 599 1519 a
618 1455 740 1520 seniore
757 1454 880 1534 marito,

146 1543 230 1607 flava
246 1543 396 1627 pruinoso
414 1564 497 1625 quae
515 1542 601 1606 vehit
617 1563 677 1606 axe
696 1541 790 1606 diem.

106 1635 183 1711 ‘quo
201 1649 365 1713 properas,
384 1628 530 1691 Aurora?
556 1627 663 1693 manel
691 1626 736 1691 sic
752 1625 936 1691 Memnonis
954 1626 1075 1692 umbris

146 1736 253 1777 annua
270 1712 414 1778 sollemni
432 1713 528 1778 caede
546 1724 689 1798 parentet
707 1712 784 1777 avis.

104 1821 190 1864 nuno
206 1799 295 1863 iuvat
312 1799 345 1863 in
363 1798 479 1864 teneris
497 1798 643 1863 dominae
660 1797 795 1864 iacuisse
811 1797 951 1862 lacertis:

147 1885 174 1949 si
191 1884 333 1968 quando,
351 1885 443 1950 lateri
459 1906 544 1950 nuno
561 1884 643 1950 bene
659 1884 767 1949 iuncta
783 1905 854 1949 meo
872 1894 930 1949 est

104 1992 189 2036 nuno
207 1969 304 2035 etiam
320 1970 423 2034 somni
440 1970 589 2072 pingues,
608 1982 640 2035 et
656 1969 790 2056 frigidus
809 1973 872 2046 a'e’r,

147 2067 178 2121 et
195 2055 350 2139 liquidum
368 2068 456 2121 tenur
473 2067 602 2143 gutture
620 2067 726 2121 cantat
743 2054 821 2120 evis.

104 2163 168 2226 quo
185 2163 243 2227 pro
267 2164 351 2218 eras,
368 2141 494 2228 ingrata
510 2141 601 2218 viris,
618 2141 744 2227 ingrata
760 2139 892 2226 puellis?

146 2226 229 2292 rosei
252 2250 272 2291 a
288 2249 449 2312 purpurea
466 2227 626 2314 supprime
644 2229 712 2292 lora
729 2224 841 2291 manul

103 2313 207 2399 prima
224 2312 352 2379 bidente
369 2312 458 2379 vides
476 2324 622 2378 oneratos
640 2336 717 2378 arva
734 2313 881 2387 colentes,

147 2398 250 2484 prima
266 2399 485 2464 vocas-tardos
503 2399 563 2463 sub
580 2399 657 2484 iuga
673 2398 780 2485 panda
797 2397 904 2462 boves.

104 2495 139 2549 tu
157 2505 272 2570 pueros
288 2506 401 2549 somno
417 2484 547 2550 fraudas
565 2485 727 2569 tradisque
744 2481 913 2568 magistris,

147 2582 183 2634 ut
201 2569 336 2636 subeant
352 2581 480 2636 tenerae
497 2569 631 2636 verbera
648 2592 743 2634 saeva
760 2589 883 2632 manus.
983 2600 987 2607 ⁶

105 2667 179 2721 ante
196 2667 268 2720 tuos
286 2667 373 2720 ortus
390 2656 503 2721 melius
522 2679 580 2721 sua
597 2655 701 2720 sidera
718 2663 823 2720 servat

147 2740 256 2806 navita
272 2762 331 2807 nec
348 2741 453 2807 media
468 2742 593 2807 nescius
612 2752 695 2806 errat
712 2762 805 2824 aqua.

105 2838 137 2892 te
155 2826 256 2912 surgit
273 2827 419 2911 quamvis
435 2828 537 2892 lassus
555 2828 700 2892 veniente
717 2825 828 2902 viator,

147 2924 178 2978 et
197 2912 287 2977 miles
304 2935 414 2978 saevas
433 2924 520 2999 aptat
538 2913 579 2977 ad
597 2935 684 2977 arma
700 2934 823 2976 manus.

104 3008 201 3081 atque
219 2998 329 3063 eadem
347 3020 465 3147 sponsu
483 2999 605 3064 vinctos
623 3010 697 3063 ante
714 2997 793 3061 atria
809 2995 918 3075 mittis,

147 3082 242 3149 unius
259 3095 295 3148 ut
312 3106 368 3148 ver
390 3083 401 3148 i
418 3084 552 3170 granffla
569 3085 685 3149 damna
702 3083 814 3149 ferant.

104 3191 164 3234 neo
181 3180 215 3233 tu
235 3170 377 3234 consulto
395 3192 454 3235 neo
471 3182 506 3235 tu
523 3170 662 3235 iucunda
679 3169 809 3235 diserto:

148 3255 272 3340 cogitur
289 3255 331 3319 ad
346 3255 418 3320 lites
436 3278 566 3341 surgere
583 3267 716 3338 uterque
733 3276 842 3320 novas.

105 3350 155 3416 tu,
175 3363 247 3405 curn
265 3339 394 3405 feminei
410 3340 532 3426 possint
549 3363 673 3406 cessare
689 3340 825 3418 labores,

148 3425 306 3490 lanificam
323 3448 453 3491 revocas
471 3427 512 3490 ad
531 3449 588 3491 sua
605 3449 705 3512 pensa
722 3449 862 3490 manum.

105 3510 213 3575 omnia
229 3526 419 3596 perpeterer.
464 3512 520 3576 sed
537 3534 666 3597 surgere
684 3533 776 3576 mane
793 3511 926 3596 puellas,

148 3596 233 3680 quis,
250 3597 311 3660 nisi
329 3597 380 3662 oui
397 3618 462 3661 non
480 3607 529 3663 est
545 3597 610 3661 ulla
627 3597 746 3683 puella,
763 3596 864 3661 ferat?

106 3681 214 3769 optavi
231 3682 390 3765 quotiens,
408 3705 449 3748 ne
465 3704 530 3747 nox
546 3682 603 3746 tibi
622 3683 733 3747 cedere
750 3682 854 3759 vellet,

149 3791 190 3833 ne
207 3766 355 3854 fugerent
372 3768 476 3833 vultus
494 3768 597 3833 sidera
614 3780 700 3832 mota
717 3766 802 3832 tuosl

106 3853 215 3940 optavi
233 3853 395 3936 quotiens,
414 3864 470 3917 aut
487 3866 600 3919 ventus
617 3853 778 3938 frangeret
795 3875 897 3929 axem,

151 3951 207 4003 aut
224 3938 351 4003 caderet
367 3939 469 4023 spissa
485 3940 570 4004 nube
587 3950 726 4004 retentus
744 3936 858 4021 equusl

107 4021 230 4100 invida,
247 4045 312 4108 quo
329 4025 498 4110 properas?
524 4025 609 4108 quod
627 4037 694 4089 erat
711 4023 768 4088 tibi
785 4023 870 4087 filius
888 4034 964 4102 ater,

150 4109 285 4178 materni
301 4109 405 4174 fuerat
421 4109 557 4197 pectoris
573 4110 627 4175 ille
645 4110 740 4176 color.
