2604 4974
310 262 567 322 REMEDIORUM
584 261 728 321 AMORIS
745 256 838 319 1-79.
1027 240 1088 309 197

109 387 193 452 dicat
211 398 243 453 et
260 389 407 468 exclusus
425 388 529 454 flebile
548 397 653 454 cantet
670 410 789 452 amans.

65 473 114 538 his
131 473 269 538 lacrimis
287 485 451 539 contentus
469 475 530 539 eris
548 474 616 538 sine
634 474 763 538 crimine
784 473 908 537 mortis:

107 582 172 624 non
189 570 244 624 tua
261 559 315 624 fax
334 560 442 624 avidos
461 560 558 646 digua
576 559 681 624 subire
699 557 814 644 rogos?

64 644 144 710 haec
162 667 232 730 ego.
275 645 374 710 movit
391 645 493 709 Amor
511 656 686 730 gemmatas
705 666 819 708 aureus
837 643 904 706 alas

108 743 138 795 et
156 731 233 795 mihi
252 731 462 816 ‘propositum
479 731 608 817 perfice'
628 730 708 794 dixit
725 728 840 814 ‘opus’

65 816 107 880 ad
123 839 208 892 mea,
228 817 351 902 decepti
368 817 512 893 iuvenes,
530 827 700 902 praecepta
717 816 832 892 venite,

108 924 189 984 quos
206 925 283 967 suus
301 915 341 967 ex
359 902 444 966 omni
462 914 551 988 parte
568 901 681 966 fefellit
698 923 795 966 amor.

66 988 176 1053 discite
194 988 313 1064 sanari,
332 1010 389 1073 per
406 1009 500 1071 quem
520 987 671 1052 didicistis
689 1009 809 1053 amare:

108 1096 172 1137 uua
189 1096 302 1137 manus
319 1073 410 1138 vobis
430 1075 542 1137 vulnus
560 1094 716 1158 opemque
734 1072 823 1137 feret.
895 1098 898 1103 ·

66 1169 149 1222 terra
167 1159 319 1223 salutares
337 1159 451 1224 herbas
469 1159 644 1242 eademque
661 1169 811 1223 nocentes

109 1245 223 1320 nutrit,
242 1255 273 1310 et
290 1245 409 1309 urticae
427 1245 571 1329 proxima
589 1267 684 1330 saepe
701 1265 774 1308 rosa
792 1254 850 1308 est.

65 1331 180 1394 vulnus
198 1329 231 1393 in
249 1331 409 1394 Herculeo
427 1352 509 1413 quse
527 1330 687 1413 quondam
705 1329 823 1394 fecerat
840 1328 939 1403 hoste,

108 1416 247 1480 vulneris
265 1416 418 1480 auxilium
435 1415 542 1481 Pelias
559 1416 651 1480 hasta
670 1415 751 1479 tulit.

66 1502 122 1564 sed
140 1522 359 1584 quaecumque
377 1501 468 1577 viris,
487 1501 576 1565 vobis
594 1522 721 1584 quoque
740 1500 840 1575 dicta,
858 1498 994 1583 puellae,

109 1587 236 1651 credite.
253 1667 255 1672 .
281 1586 411 1651 diversis
428 1588 571 1672 partibus
590 1610 678 1651 arma
696 1586 818 1650 damus.

67 1696 84 1736 e
103 1673 219 1755 quibus
238 1673 278 1737 ad
296 1684 416 1737 vestros
436 1672 539 1756 siquid
557 1694 620 1736 non
638 1672 774 1758 pertinet
792 1693 878 1747 usus,

109 1771 247 1822 attamen
266 1759 411 1843 exemplo
428 1759 529 1822 multa
547 1758 659 1823 docere
676 1770 790 1843 potest.

66 1843 142 1907 utile
161 1845 356 1928 propositum
375 1855 422 1907 est
439 1867 550 1908 saevas
568 1845 753 1929 extinguere
770 1844 924 1918 flammas,

109 1950 168 1992 neo
186 1952 313 1994 servum
331 1929 398 1992 vitii
415 1939 526 2014 pectus
544 1930 661 1995 habere
679 1928 738 1994 sui.

66 2013 196 2078 vixisset
212 2013 350 2099 Phyllis,
368 2014 396 2077 si
413 2037 464 2079 me
481 2013 563 2080 foret
580 2039 638 2080 usa
655 2014 817 2100 magistre,

110 2111 141 2164 et
158 2122 215 2184 per
233 2100 318 2182 quod
336 2099 459 2174 novies,
478 2101 604 2186 saepius
622 2101 697 2167 isset
713 2102 781 2165 iter.

66 2207 125 2249 nec
141 2185 278 2250 moriens
296 2185 383 2249 Dido
400 2209 524 2249 summa
542 2186 672 2251 vidisset
688 2186 729 2249 ab
748 2207 820 2251 arce

108 2270 289 2335 Dardanias
306 2282 401 2335 vento
418 2271 490 2336 vela
508 2271 631 2336 dedisse
651 2282 742 2335 rates.

65 2378 125 2420 nec
144 2356 232 2420 dolor
250 2367 403 2420 armasset
420 2369 529 2420 contra
547 2381 605 2420 sua
622 2357 743 2421 viscera
760 2368 903 2431 matrem,

108 2464 190 2525 quae
209 2442 284 2507 socii
303 2443 417 2506 damno
435 2443 598 2526 sanguinis
616 2444 683 2506 ulta
701 2442 803 2505 virum
821 2454 879 2506 est.

66 2537 132 2592 arte
151 2550 222 2592 mea
239 2526 375 2603 Tereus,
394 2528 539 2609 quamvis
556 2527 734 2592 Philomela
752 2529 900 2613 placeret,

108 2635 165 2698 per
182 2613 305 2678 facinus
323 2613 391 2677 fieri
408 2634 470 2676 non
489 2614 654 2678 meruisset
672 2613 749 2678 avis.

66 2699 108 2763 da
125 2698 202 2762 mihi
219 2699 415 2784 Pasiphaen:
434 2699 497 2762 iam
515 2700 597 2763 tauri
615 2710 878 2784 ponetamorem.

109 2785 150 2847 da
167 2783 361 2849 Phaedram:
380 2783 547 2850 Phaedrae
565 2785 665 2870 turpis
684 2784 782 2848 abibit
801 2805 900 2847 amor.

65 2870 162 2934 redde
180 2870 279 2934 Parin
295 2870 402 2934 nobis:
420 2871 566 2937 Helenen
583 2871 750 2935 Menelaus
768 2869 908 2945 habebit,

108 2978 168 3020 nee
184 2955 331 3020 manibus
349 2955 471 3020 Danais
489 2956 648 3041 Pergama
666 2957 750 3019 victa
768 2956 890 3020 cadent.

66 3040 163 3190 impia
180 3042 206 3105 si
223 3053 347 3106 nostros
365 3042 493 3126 legisset
511 3040 620 3127 Scylla
636 3042 769 3118 libellos,

132 3127 261 3191 essisset
278 3128 373 3212 capiti
390 3150 546 3212 purpura,
564 3129 656 3203 Nise,
675 3139 739 3191 tuo.

65 3235 117 3277 me
136 3212 216 3278 duce
234 3212 416 3289 damnosas,
435 3212 591 3291 homines,
610 3213 788 3298 conpescite
806 3234 908 3287 curas,

109 3311 258 3381 rectaque
276 3299 456 3384 compositis
474 3323 525 3365 me
543 3301 624 3365 duce
641 3299 732 3363 navis
751 3308 811 3363 eat.

66 3384 153 3448 Naso
171 3385 324 3469 legendus
341 3396 409 3449 erat
426 3396 509 3462 turn,
532 3407 605 3449 cum
624 3385 775 3448 didicistis
794 3406 914 3448 amare:

109 3470 194 3534 idem
210 3492 295 3534 nunc
313 3471 403 3534 vobis
421 3470 507 3533 Naso
525 3470 678 3554 legendus
696 3471 764 3533 erit.

67 3555 213 3641 publicus
232 3567 367 3619 assertor
384 3555 518 3621 dominis
536 3578 705 3640 suppressa
721 3555 835 3618 levabo

110 3651 251 3726 pectora:
270 3640 427 3706 vindictae
446 3641 580 3723 quisque
598 3642 703 3707 favete
721 3663 808 3705 suae.
834 3710 838 3714 ,

67 3737 99 3791 te
116 3747 228 3812 precor
244 3725 411 3809 incipiensz
429 3726 511 3790 adsit
529 3740 585 3790 tua
600 3726 709 3790 laurea
725 3725 827 3801 nobis,

111 3811 257 3876 carminis
275 3822 306 3875 et
323 3812 478 3889 medicae,
496 3811 641 3888 Phoebe,
659 3824 800 3897 repertor
817 3809 897 3895 opis.

68 3908 104 3961 tu
121 3897 238 3982 pariter
254 3897 333 3972 vati,
351 3898 468 3982 pariter
485 3920 633 3964 succurre
650 3896 803 3961 medenti:

111 3996 244 4065 utraque
261 3984 378 4047 tutelae
396 3983 521 4048 subdita
538 4006 615 4048 cura
631 3993 743 4048 tuaest.

69 4069 144 4137 dum
163 4068 235 4135 licet
253 4077 283 4133 et
300 4069 417 4137 modici
434 4081 570 4157 tangunt
586 4068 771 4158 praecordia
787 4079 910 4146 motus,
