2604 4974
283 731 345 798 184
614 746 649 802 P.
668 745 778 803 OVlDl
795 743 958 802 NASONIS

324 870 496 953 quamlibet
514 869 666 935 admissas
685 869 847 934 detinuere
864 878 958 933 rates.

281 954 330 1018 his
348 978 406 1018 sua
424 953 610 1040 Sisyphides
629 955 743 1019 auditis
761 977 862 1039 paene
879 952 1007 1018 resolvit

325 1062 464 1124 corpora.
508 1064 582 1103 nam
601 1041 692 1104 sociis
709 1040 799 1103 inlita
817 1061 888 1104 cera
905 1038 975 1102 fuit.

214 1144 263 1193 315
281 1147 330 1189 res
350 1136 397 1189 est
414 1125 531 1189 blanda
549 1148 653 1190 canor.
697 1125 820 1188 discant
838 1136 963 1188 cantare
980 1125 1120 1208 puellae:

323 1232 380 1294 pro
398 1211 479 1276 facie
496 1212 604 1274 multis
621 1232 684 1275 vox
702 1233 760 1274 sua
777 1211 849 1274 lena
866 1209 936 1273 fuit.

282 1306 313 1359 et
330 1296 424 1360 modo
442 1297 624 1360 marmoreis
642 1296 780 1361 referant
797 1295 904 1359 audita
921 1294 1051 1359 theatris

324 1391 355 1444 et
373 1381 467 1445 modo
485 1381 614 1446 Niliacis
633 1381 772 1446 carmina
788 1382 858 1445 lusa
875 1380 986 1444 modis.

282 1487 341 1530 nec
357 1467 511 1552 plectrum
529 1466 653 1543 dextra,
673 1467 825 1530 citharam
842 1466 980 1530 tenuisse
999 1465 1124 1531 sinistra

215 1572 264 1620 330
323 1552 443 1616 nesciat
460 1551 587 1616 arbitrio
606 1552 724 1616 femina
741 1552 834 1615 docta
851 1573 932 1615 meo.

282 1659 359 1701 saxa
376 1637 521 1720 ferasque
538 1637 607 1722 lyra
625 1638 724 1702 movit
741 1637 946 1721 Rhodopeius
965 1634 1115 1723 Orpheus

278 1736 281 1743 ·
323 1722 556 1805 Tartareosque
573 1724 661 1787 lacus
679 1723 952 1808 tergeminumque
971 1745 1091 1789 canem.

281 1830 358 1871 saxa
375 1819 430 1871 tuo
449 1817 557 1885 cantu,
576 1808 692 1873 vindex
710 1809 879 1873 iustissime
896 1809 1016 1886 matris,

323 1892 466 1959 fecerunt
482 1915 589 1958 muros
607 1894 748 1958 officiosa
765 1915 875 1957 novos.

214 1999 262 2047 325
283 1981 429 2062 quamvis
446 1990 552 2044 mutus
571 1991 652 2055 erat,
670 1980 741 2043 voci
758 1980 875 2044 favisse
892 1989 1022 2064 putatur

323 2065 433 2149 piscis,
451 2065 603 2129 Arioniae
621 2064 730 2129 fabula
747 2077 823 2128 nota
839 2064 936 2149 lyrae.

282 2150 367 2214 disce
385 2150 479 2214 etiam
498 2150 616 2235 duplici
633 2151 770 2234 genialia
787 2150 894 2214 nablia
911 2150 1017 2235 palma

324 2257 461 2299 verrere:
481 2236 670 2299 conveniunt
689 2235 834 2298 dulcibus
852 2235 906 2298 illa
922 2235 1009 2298 iocis.

280 2319 321 2383 sit
338 2320 396 2382 tibi
414 2317 616 2395 Callimachi,
640 2320 680 2383 sit
699 2316 757 2383 Coi
776 2333 851 2382 nota
867 2330 988 2402 poetae,

213 2424 263 2472 330
323 2406 363 2468 sit
379 2425 505 2487 quoque
523 2404 625 2467 vinosi
642 2404 721 2468 Tela
738 2404 836 2467 Musa
853 2403 946 2467 senis.

280 2500 354 2552 nota
372 2490 412 2552 sit
429 2501 460 2553 et
479 2488 620 2574 Sappho,
638 2526 681 2535 -
698 2488 775 2571 quid
793 2488 876 2552 enim
893 2487 1040 2551 lascivius
1057 2487 1131 2551 illa?
1145 2523 1187 2534 -

322 2575 413 2638 cuive
430 2586 520 2659 pater
537 2574 617 2638 vafri
634 2574 754 2639 luditur
771 2585 837 2638 arte
856 2571 969 2638 Getae.

280 2669 312 2724 et
328 2658 427 2725 teneri
444 2660 546 2745 possis
565 2682 691 2724 carmen
708 2660 823 2744 legisse
840 2658 998 2745 Properti,

201 2797 207 2803 ,
322 2745 387 2810 sive
406 2745 524 2829 aliquid
543 2744 643 2822 Galli,
663 2746 747 2820 sive,
766 2745 907 2821 Tibulle,
924 2755 1028 2808 tuum:

213 2849 261 2898 335
280 2830 426 2913 dictaque
444 2831 581 2896 Varroni
598 2831 693 2895 fulvis
710 2832 848 2916 insignia
865 2831 946 2894 villis

321 2916 438 2981 vellera
454 2939 639 3002 germanae,
656 2917 791 2992 Phrixe,
809 2916 969 3000 querenda
986 2926 1074 2980 tuaez

281 3013 312 3066 et
329 3002 500 3087 profugum
517 3003 667 3079 Aenean,
686 3003 768 3068 altae
786 3002 956 3087 primordia
973 3001 1104 3077 Romae,

323 3109 386 3171 quo
403 3088 526 3153 nullum
544 3089 639 3153 Latio
657 3090 771 3153 clarius
790 3099 876 3152 extat
894 3110 983 3172 opus.

281 3173 413 3238 forsitan
431 3188 463 3238 et
479 3186 623 3239 nostrum
639 3196 755 3238 nomen
773 3173 956 3237 miscebitur
972 3171 1049 3246 istis,

214 3278 263 3327 340
323 3282 383 3323 nec
400 3282 470 3324 mea
487 3259 639 3325 Lethaeis
658 3260 774 3343 scripta
792 3259 951 3322 dabuntur
969 3255 1069 3337 aquis,

281 3355 376 3426 atque
395 3344 506 3426 aliquis
525 3344 608 3409 (licet
626 3345 739 3408 ‘nostri
756 3343 827 3427 lege
845 3342 929 3405 culta
946 3339 1089 3424 magistri

324 3429 477 3504 carmina,
495 3429 566 3511 quis
583 3442 688 3514 partes
706 3427 831 3490 instruit
848 3426 899 3489 ille
918 3424 1011 3488 duas:

281 3513 452 3597 decerpens
470 3512 572 3590 libris,
591 3514 699 3577 titulus
717 3533 796 3594 quos
815 3510 919 3594 signat
936 3510 1105 3590 Amorum,

324 3598 419 3682 elige,
439 3597 523 3681 quod
542 3598 636 3661 docili
653 3596 788 3660 molliter
806 3617 859 3659 ore
877 3597 976 3680 legas,

215 3702 263 3751 345
282 3684 332 3748 vel
350 3683 406 3746 tibi
424 3683 597 3767 composita
614 3691 757 3746 cantetur
774 3679 908 3765 epistula
926 3701 1018 3744 voce:

323 3769 467 3854 ignotum
485 3767 545 3830 hoc
562 3767 631 3831 aliis
648 3768 701 3831 ille
718 3766 848 3830 novavit
865 3766 964 3851 opus’

282 3854 376 3927 cita,
393 3853 538 3928 Phoebe,
557 3852 648 3917 velisl
675 3852 720 3916 ita
738 3872 809 3928 vos,
828 3853 880 3936 pia
897 3852 1027 3916 numina
1044 3861 1163 3927 vatum,

323 3938 454 4023 insignis
473 3959 570 4001 cornu
587 3938 715 4002 Bacche
733 3960 910 4021 novemque
929 3937 1020 4002 deae!
1037 3972 1082 3983 -·

282 4023 352 4107 quis
371 4023 507 4100 dubitet,
525 4024 602 4106 quin
619 4023 698 4089 scire
716 4024 810 4088 velim
829 4025 942 4087 saltare
960 4023 1108 4107 puellam,

215 4129 265 4175 350
325 4120 361 4173 ut
377 4120 502 4172 moveat
519 4110 621 4193 posito
639 4109 787 4173 bracchia
804 4110 889 4173 iussa
906 4109 1011 4172 mero?

283 4194 417 4258 artifices
435 4194 555 4269 lateris,
575 4217 688 4260 scenae
706 4195 900 4277 spectacula,
919 4202 1077 4257 amantur:

325 4291 447 4343 tantum
465 4281 622 4345 mobilitas
640 4281 693 4344 illa
712 4281 832 4343 decoris
850 4279 955 4343 habet.

282 4387 381 4449 parva
398 4387 525 4430 monere
543 4367 654 4451 pudet,
673 4366 806 4429 talorum
824 4364 928 4428 dicere
945 4364 1046 4427 iactus

233 4512 240 4524 ,
269 4514 275 4524 ,
325 4461 360 4514 03
378 4451 456 4514 sciat
472 4462 504 4516 et
521 4452 618 4528 vires,
637 4464 755 4516 tessera
772 4451 883 4526 missa,
901 4460 985 4513 tuas:

164 4540 315 4628 grus-aasffet
331 4536 426 4601 modo
445 4546 508 4603 tres
525 4538 620 4603 iactet
636 4542 799 4615 numeros,
816 4536 911 4601 modo
929 4533 1060 4621 cogitat,
1079 4547 1152 4621 apto
