2604 4974
268 231 383 289 ARTIS
401 233 630 290 Atlaroumu
647 234 720 289 LIB.
739 235 762 288 Ι.
781 233 926 289 518-605.
1048 216 1111 284 155

132 354 270 421 abstulit.
314 355 348 419 in
364 357 450 421 facili
468 368 516 422 est
534 357 639 422 omnia
656 378 749 442 posse
767 357 836 421 deo.

87 464 160 527 pars
178 442 396 525 ‘Hymenaee'
416 454 548 520 canunt,
566 465 639 528 pars
658 443 794 506 clamant
811 439 940 505 Euhion
959 438 1116 505 ‘Euhoel'

130 527 176 592 sic
194 538 309 592 coeunt
326 548 415 600 sacro
432 540 533 613 nupta
550 528 691 612 deusque
710 539 788 592 toro.
806 563 850 574 —

88 635 164 698 ergo
183 613 239 676 ubi
257 613 445 699 contigerint
461 613 556 699 positi
573 614 631 678 tibi
648 636 780 678 munera
798 611 929 690 Bacchi,
1127 631 1176 680 565
1287 646 1290 653 ·

132 710 226 781 atque
245 697 304 763 erit
320 697 353 763 in
371 699 448 764 socii
465 699 584 765 femina
601 710 690 785 parte
707 699 778 776 tori,
1145 719 1148 724 ’

86 783 332 868 Nycteliumque
350 801 472 869 patrem
489 797 707 868 nocturnaque
724 808 814 851 sacra
831 806 970 870 precare,

129 892 169 933 ne
187 869 318 933 iubeant
335 869 431 954 capiti
448 869 522 935 vina
538 893 652 937 nocere
671 883 736 935 tuo.

87 953 138 1019 hic
156 954 213 1019 tibi
229 954 331 1018 multa
347 955 421 1020 licet
438 978 582 1021 sermone
602 957 731 1021 latentia
749 967 831 1021 tecto

130 1041 249 1117 dicere,
268 1061 350 1124 quae
368 1041 431 1104 dici
448 1041 562 1106 sentiat
578 1042 633 1106 illa
650 1041 721 1118 sibi,

86 1125 320 1208 blanditiasque
337 1126 424 1191 leves
442 1127 530 1192 tenui
547 1127 740 1212 perscribere
757 1125 841 1203 vino,

129 1223 164 1276 ut
182 1211 343 1275 dominam
359 1212 393 1275 in
411 1235 521 1277 mensa
538 1235 572 1278 se
589 1213 675 1298 legat
692 1213 746 1278 illa
763 1224 861 1288 tuam,

86 1310 181 1382 atque
199 1296 307 1361 oculos
325 1297 424 1362 oculis
442 1308 585 1383 spectare
602 1297 775 1363 fatentibus
791 1297 913 1383 ignem:

128 1404 223 1468 saepe
241 1394 348 1447 tacens
367 1403 477 1447 vocem
495 1383 655 1467 verbaque
672 1383 776 1448 vultus
794 1383 898 1447 habet.

85 1468 138 1533 fao
155 1468 276 1554 primus
294 1468 398 1553 rapias
415 1468 499 1532 illius
518 1479 602 1533 taeta
618 1468 740 1534 labellis

128 1554 243 1639 pocula
249 1577 258 1630 3
277 1574 403 1636 quaque
421 1552 502 1617 bibit
542 1564 609 1618 arte
626 1555 747 1639 puella,
766 1553 870 1619 bibes:

86 1653 118 1705 et
135 1660 368 1724 quemcumque
386 1637 493 1703 cibum
534 1639 618 1725 'gitis
635 1639 781 1704 libaverit
796 1639 861 1716 illa,

129 1737 164 1788 tu
182 1737 268 1810 pete:
288 1725 427 1808 dumque
444 1736 547 1810 petes,
567 1726 607 1790 sit
624 1725 681 1790 tibi
700 1736 784 1790 tacta
800 1747 924 1790 manus.

86 1812 149 1876 sint
166 1811 261 1876 etiam
279 1823 335 1875 tua
353 1821 441 1888 vota,
460 1810 527 1876 viro
545 1810 701 1896 placuisse
717 1811 857 1896 puellaez

129 1896 235 1961 utilior
252 1897 342 1961 vobis
360 1897 463 1961 factus
482 1896 602 1962 amicus
619 1896 687 1962 erit.

85 1982 174 2059 huic,
193 1983 219 2047 si
237 1994 320 2047 sorte
338 1981 435 2059 bibis,
454 1994 571 2048 sortem
588 1983 726 2048 concede
742 1982 892 2069 priorem:

128 2067 202 2132 huic
219 2069 312 2133 detur
328 2068 424 2154 capiti
442 2069 538 2134 missa
556 2091 672 2134 corona
690 2081 754 2134 tuo.

86 2155 151 2219 sive
170 2154 229 2220 erit
245 2153 384 2229 inferior,
403 2177 459 2220 seu
477 2177 544 2240 par,
562 2154 649 2240 prior
666 2154 773 2219 omnia
790 2163 904 2232 sumat,

127 2262 187 2304 nec
204 2239 329 2304 dubites
346 2239 392 2304 illi
409 2240 508 2305 verba
524 2241 664 2306 secunda
679 2240 776 2324 loqui.

84 2338 154 2391 tuta
170 2326 383 2408 frequensque
401 2325 453 2389 via
471 2338 533 2402 est,
551 2349 609 2412 per
626 2326 719 2390 amici
735 2326 845 2390 fallere
862 2346 987 2390 nomen.

128 2423 197 2475 tuta
213 2412 426 2494 frequensque
443 2410 517 2476 licet
534 2412 574 2476 sit
591 2412 657 2489 via,
676 2412 795 2478 crimen
810 2410 916 2475 habet.

83 2498 158 2562 inde
175 2506 360 2582 procurator
377 2496 509 2560 nimium
527 2519 654 2580 quoque
672 2498 772 2561 multa
789 2506 937 2580 procurat

128 2594 160 2648 et
177 2582 237 2647 sibi
254 2582 411 2646 mandatis
430 2583 522 2667 plura
539 2583 676 2648 videnda
692 2593 792 2668 putat.

84 2682 171 2734 certa
188 2667 246 2733 tibi
263 2691 283 2732 a
299 2667 391 2731 nobis
409 2667 537 2732 dabitur
553 2691 701 2733 mensura
720 2666 863 2732 bibendi:

127 2754 268 2819 officium
285 2764 446 2838 praestent
462 2775 615 2837 mensque
632 2755 792 2839 pedesque
811 2774 913 2817 suum.

83 2839 187 2926 iurgia
204 2839 373 2925 praecipue
391 2839 465 2902 vino
484 2839 644 2904 stimulata
661 2851 771 2904 caveto

127 2938 159 2990 et
175 2925 308 2989 nimium
325 2925 435 2990 faciles
453 2925 494 2990 ad
511 2925 580 2990 fera
597 2925 681 2989 bella
698 2945 821 2989 manus.

83 3011 199 3077 occidit
216 3010 375 3096 Eurytion
394 3011 489 3076 stulte
507 3011 582 3075 data
599 3010 674 3075 vina
691 3010 839 3076 bibendo.

126 3097 229 3182 aptior
246 3111 294 3161 est
312 3097 396 3161 dulci
415 3119 525 3161 mensa
542 3118 728 3175 merumque
745 3097 825 3160 ioco.

84 3185 110 3248 si
129 3206 192 3246 vox
209 3193 272 3259 est,
290 3193 397 3246 canta:
416 3182 444 3246 si
460 3182 568 3246 mollia
593 3180 739 3256 brachia,
766 3180 860 3245 salta:

127 3282 159 3333 et
176 3290 376 3351 quacumque
394 3278 484 3352 potes
502 3269 575 3332 dote
594 3271 733 3351 placere,
751 3267 850 3351 place.

84 3355 218 3419 ebrietas
236 3365 273 3417 ut
291 3376 366 3418 vera
384 3365 491 3428 nocet,
510 3352 556 3416 sio
573 3352 647 3416 ficta
664 3352 804 3416 iuvabit:

127 3440 178 3502 fac
195 3438 309 3503 titubet
327 3439 434 3503 blaeso
453 3437 587 3502 subdola
604 3438 715 3523 lingua
732 3458 819 3514 sono,

84 3537 133 3599 ut,
153 3523 304 3607 quioquid
322 3523 419 3587 facias
439 3523 566 3588 dicasve
583 3523 760 3608 protervius
778 3543 891 3606 aequo,

128 3609 274 3674 credatur
291 3609 424 3673 nimium
442 3630 538 3674 causa
554 3608 652 3674 fuisse
670 3630 803 3673 merum.

85 3710 117 3760 et
136 3693 284 3758 benedic
303 3694 463 3759 dominae:
482 3695 577 3771 bene,
598 3715 671 3759 cum
689 3715 753 3777 quo
772 3690 907 3757 dormiat
923 3690 991 3757 illae

129 3780 198 3856 sed,
216 3780 299 3844 male
317 3779 372 3856 sit,
390 3780 485 3844 tacita
502 3794 607 3844 mente
624 3801 770 3865 precare,
787 3778 865 3842 viro.

86 3879 119 3931 at
137 3889 210 3930 cum
229 3865 369 3929 discedet
386 3887 496 3930 mensa
512 3866 646 3930 conviva
662 3879 793 3939 remota,

128 3952 199 4036 ipsa
216 3950 274 4014 tibi
291 3972 437 4015 accessus
455 3951 548 4015 turba
565 3952 732 4034 locumque
750 3949 848 4014 dabit.

85 4037 189 4104 insere
207 4048 238 4104 te
255 4036 367 4103 turbae
384 4036 557 4123 leviterque
575 4037 721 4102 admotus
739 4036 826 4102 eunti
