2604 4974
333 308 499 368 morou
515 312 588 366 nm.
606 311 643 365 11.
661 311 712 381 iv,
730 311 833 380 u-v,
850 311 892 366 aa
1059 297 1120 362 103

105 435 227 500 ferrcus
246 445 293 498 est
310 434 505 516 nimiumque
524 456 581 498 suo
599 435 686 498 favet
702 434 754 497 ille
772 433 882 509 dolori,

148 520 200 584 oui
218 520 334 603 petitur
351 520 434 583 victa
450 521 556 602 palma
573 531 703 584 eruenta
723 541 786 582 rea.

104 604 173 690 ipse
192 605 286 669 miser
304 604 382 678 vidi,
401 626 472 667 cum
491 628 542 668 me
560 604 695 668 dormire
712 615 851 688 putares,

149 689 272 753 sobrius
290 689 434 773 apposito
453 689 582 752 crimina
599 702 703 753 vestra
720 710 816 753 mero.

106 775 206 837 multa
224 774 390 858 supercilio
408 773 473 837 vidi
490 774 634 838 vibrante
651 775 829 856 loquentes:

148 858 277 922 nutibus
295 858 335 921 ab
354 860 464 922 vestris
482 881 555 943 pars
573 859 657 922 bona
674 859 761 922 vcois
779 870 855 922 erat.

105 966 169 1007 non
188 944 270 1007 oculi
288 955 415 1007 tacuere
432 943 493 1019 tui,
512 945 751 1029 conscriptaque
769 943 842 1006 vino

149 1051 273 1104 mensa,
291 1028 398 1093 necin
417 1028 522 1112 digitis
540 1029 644 1092 littera
660 1029 748 1092 nulla
764 1028 834 1091 fuis

107 1135 283 1178 sermonem
300 1113 430 1197 agnovi,
448 1113 535 1195 quod
551 1135 614 1176 non
632 1113 785 1189 videatur,
804 1123 960 1198 agentem,

148 1198 308 1280 verbaque
325 1221 383 1283 pro
401 1198 492 1261 certis
510 1197 596 1261 iussa
613 1199 718 1262 valere
735 1198 826 1261 notis.

105 1283 233 1366 iamque
254 1282 403 1365 frequens
420 1282 499 1346 ierat
516 1305 625 1347 mensa
643 1282 776 1347 conviva
792 1282 914 1347 relicta:

149 1368 315 1453 compositi
331 1367 461 1432 iuvenes
478 1390 560 1431 unus
578 1380 610 1433 ct
627 1368 707 1432 alter
723 1378 822 1431 erant

106 1453 241 1538 inproba
258 1462 326 1516 tum
343 1473 418 1516 vero
435 1453 601 1537 iungentes
619 1454 726 1517 oscula
743 1451 823 1515 vidi:

147 1539 203 1600 illa
219 1536 297 1601 mihi
314 1537 424 1622 lingua
440 1559 522 1602 nexa
540 1537 637 1602 fuisse
654 1537 766 1620 liquet:

105 1622 213 1707 qualia
229 1644 294 1685 non
310 1621 399 1685 fratri
416 1623 523 1686 tulerit
538 1645 690 1707 germana
707 1643 826 1697 severo,

148 1707 205 1771 sed
221 1707 327 1771 tulerit
344 1706 457 1791 cupido
476 1708 578 1771 mollis
596 1709 698 1772 amica
714 1707 796 1771 viro:

106 1793 213 1877 qualia
230 1792 378 1857 credibile
396 1804 523 1855 estnon
541 1792 708 1856 Phoebum
726 1792 808 1856 ferre
825 1791 961 1869 Dianae,

148 1877 205 1941 sed
222 1877 381 1942 Venerem
397 1877 497 1940 Marti
514 1899 608 1960 saepe
626 1878 734 1941 tulisse
752 1898 820 1941 suo.

107 1962 199 2044 ‘quid
215 1961 327 2025 facisi'
345 1962 486 2026 exclamo
505 1968 583 2044 ‘quo
601 1984 686 2026 nuuc
703 1984 774 2026 mea
812 1961 908 2026 audis
924 1961 1051 2027 differs?

148 2045 276 2110 iniciam
293 2046 435 2110 dominas
453 2047 486 2109 in
503 2069 575 2110 mea
591 2047 660 2110 iura
676 1985 812 2111 manusi

106 2131 185 2196 haec
203 2131 261 2194 tibi
279 2142 352 2195 sunt
368 2152 508 2207 mecum,
525 2131 603 2194 mihi
620 2145 694 2196 sunt
712 2133 890 2196 communia
907 2143 1026 2197 tecum:

148 2217 181 2280 in
198 2216 282 2280 bona
300 2237 357 2280 cur
372 2217 540 2299 quisquam
559 2218 667 2281 tertius
684 2218 745 2281 ista
762 2217 879 2281 venitf'

105 2301 166 2366 hoc
184 2322 259 2385 ege,
277 2322 422 2384 quaeque
440 2302 530 2365 dolor
546 2302 674 2386 linguae
692 2301 831 2366 dictavit.
876 2303 971 2367 atilli

149 2386 276 2451 conscia
292 2407 469 2470 purpureus
487 2386 622 2451 venitin
640 2409 694 2450 ora
711 2387 822 2471 pudor,

106 2472 199 2555 quale
217 2472 391 2535 coloratum
408 2471 537 2536 Tithoni
555 2473 690 2557 coniuge
708 2473 830 2536 caelum

148 2556 315 2631 subrubet,
334 2567 389 2620 aut
407 2577 521 2640 sponso
540 2557 608 2620 visa
625 2558 730 2641 puella
746 2577 844 2620 novo:

107 2642 200 2724 quale
218 2662 308 2706 rosae
325 2640 450 2726 fulgent
467 2642 548 2707 inter
564 2664 622 2705 sua
640 2641 704 2706 lilia
721 2641 848 2722 mixtae,

148 2738 204 2791 aut
221 2726 277 2789 ubi
295 2726 427 2790 cantatis
445 2727 521 2790 luna
537 2726 660 2791 laborat
678 2727 778 2809 equis,

107 2822 162 2875 aut
180 2811 274 2894 quod,
292 2833 333 2874 ne
349 2811 452 2895 longis
470 2812 638 2875 flavescere
656 2811 755 2896 possit
772 2811 812 2875 ab
831 2811 931 2888 annis,

148 2896 294 2960 Maeonis
312 2896 481 2980 Assyrium
499 2897 618 2961 femina
635 2896 728 2960 tinxit
745 2897 832 2961 ebur.

106 2981 154 3046 his
172 2992 240 3046 erat
257 2991 311 3045 aut
329 2981 422 3045 alicui
440 2981 526 3045 color
542 2981 594 3046 ille
612 2981 786 3045 simillimus
805 2982 927 3060 horum,

149 3077 181 3132 et
198 3087 371 3149 numquam
389 3087 465 3130 casu
483 3066 643 3152 pulchrior
659 3067 714 3130 illa
730 3066 799 3130 fuit.

107 3151 271 3236 spectabat
287 3164 417 3215 terrama
435 3163 550 3215 terram
568 3163 709 3236 spectare
727 3151 868 3217 decebat.

147 3247 270 3301 maesta
287 3246 354 3300 erat
370 3236 403 3299 in
421 3237 522 3300 vultu:
540 3248 660 3300 maesta
677 3236 824 3301 decenter
842 3249 917 3303 erat.

107 3322 188 3386 sicut
205 3332 294 3385 erant
311 3321 357 3403 (et
374 3335 464 3385 erant
481 3321 585 3403 culti),
603 3322 722 3385 laniare
740 3323 868 3406 capillos

148 3417 181 3472 et
198 3405 260 3469 fuit
276 3405 308 3469 in
327 3418 450 3470 teneras
467 3404 604 3489 impetus
621 3407 667 3469 ire
684 3429 792 3491 genas.

107 3504 142 3555 ut
158 3490 273 3555 faciem
291 3490 370 3566 vidi,
389 3491 486 3554 fortes
505 3491 645 3555 cecidere
663 3490 784 3556 lacerti:

149 3575 281 3641 defensa
298 3586 346 3640 est
363 3575 458 3639 armis
475 3590 582 3639 nostra
599 3576 705 3659 puella
722 3576 796 3640 suis.

108 3661 163 3746 qui
180 3660 275 3724 modo
291 3682 404 3725 saevus
423 3682 522 3736 eram,
541 3660 674 3745 supplex
690 3662 836 3744 ultroque
853 3659 974 3746 rogavi,

150 3745 259 3812 oscula
275 3767 315 3809 ne
332 3745 424 3810 uobis
442 3745 595 3810 deteriora
611 3746 709 3809 daret.

108 3831 174 3896 risit
192 3841 224 3896 et
242 3852 282 3894 ex
299 3831 404 3894 animo
423 3830 509 3894 dedit
526 3830 657 3914 optima,
675 3831 781 3912 qualia
798 3843 925 3914 possent

150 3926 298 3982 excutere
314 3916 395 3980 irato
413 3915 476 3980 tela
493 3916 621 3980 trisulca
636 3915 717 3979 Iovi.

107 4013 256 4086 torqueor
272 3999 397 4077 infelix,
414 4022 454 4065 ne
471 4012 536 4065 tam
553 4001 637 4064 bona
655 4000 784 4064 senserit
803 4001 889 4079 alter,

150 4099 181 4154 et
199 4086 272 4151 volo
288 4107 352 4152 non
370 4109 410 4153 ex
427 4086 487 4152 hac
504 4086 558 4151 illa
574 4085 672 4151 fuisse
689 4097 773 4151 nota.
