2604 4974
346 309 553 369 HEROIDUM
569 310 593 365 Ι.
610 308 738 367 34-116.
756 310 795 366 11.
813 306 889 367 1-3.
1105 291 1127 359 3

151 458 233 520 quae
250 444 374 500 tautum
391 434 480 498 lanas
498 455 563 498 non
580 433 663 497 sinat
680 455 748 498 esse
766 432 871 500 rudes.

103 522 209 599 fallar,
228 531 260 587 et
277 520 337 584 hoc
354 519 473 584 crimen
491 528 601 584 tenues
619 530 769 582 vanescat
785 518 818 582 in
836 541 939 597 auras,

150 629 245 684 neve,
262 603 442 671 revertendi
459 603 550 681 liber,
567 604 678 668 abesse
696 602 788 668 velis!

104 715 159 757 me
176 703 267 778 pater
283 690 405 755 Icarius
424 689 520 754 viduo
538 688 700 754 discedere
717 691 799 753 lecto

152 777 236 863 cogit
254 787 286 842 et
302 775 461 840 inmensas
478 775 621 860 increpat
638 796 739 859 usqne
757 795 871 839 moras.

104 864 249 949 increpet
266 882 368 945 usque
385 859 473 926 licet!
508 873 564 925 tua
581 883 666 935 sum,
684 872 740 924 tua
758 860 845 924 dicar
862 870 998 945 oportet,

152 948 313 1032 Penelope
332 946 469 1011 coniunx
487 968 612 1030 semper
628 944 734 1010 Ulixis
751 967 814 1010 ero.

106 1034 162 1098 illo
180 1044 287 1097 tamen
303 1031 420 1117 pictate
437 1054 509 1096 mea
526 1031 736 1117 precibusque
753 1031 876 1116 pudicis
1070 1083 1086 1119 ,
1144 1054 1176 1103 85

151 1118 309 1202 frangitur
327 1127 359 1182 et
375 1117 458 1182 vires
475 1127 631 1202 temperat
646 1117 715 1201 ipse
733 1139 816 1180 suas.

107 1203 253 1268 Dulichii
270 1201 434 1287 Samiique
453 1216 485 1268 et
502 1224 581 1285 quos
599 1202 671 1266 tulit
688 1203 752 1267 alta
770 1202 960 1287 Zacynthos,

153 1289 248 1354 turba
264 1300 361 1353 ruunt
378 1288 412 1352 in
429 1311 480 1353 me
496 1288 659 1352 luxuriosa
675 1287 763 1372 proci

106 1375 205 1459 inque
222 1386 279 1439 tua
296 1384 444 1458 regnant,
461 1373 556 1437 nullis
574 1373 823 1459 prohibentibus,
842 1373 929 1437 aula:

152 1460 274 1525 viscera
291 1470 412 1534 nostra,
430 1470 504 1523 tuae
522 1459 731 1523 dilacerantur
748 1480 834 1543 opes.

107 1546 187 1630 quid
204 1545 262 1609 tibi
279 1542 471 1608 Pisandrum
488 1544 712 1629 Polybumque
729 1544 946 1626 Medontaque
965 1542 1068 1607 dirum

152 1629 411 1715 Eurymachique
430 1629 538 1694 avidas
556 1631 752 1713 Antinoique
770 1653 883 1693 manus

109 1727 206 1801 atque
224 1716 303 1780 alios
320 1715 464 1791 referam,
483 1736 562 1798 qnos
581 1716 682 1779 omnis
700 1715 832 1800 turpiter
849 1714 964 1779 absens

152 1803 221 1888 ipse
239 1813 295 1866 tuo
312 1801 410 1886 partis
428 1800 582 1886 sanguine
599 1801 695 1865 rebus
713 1801 789 1865 alis?

107 1888 182 1953 Irus
200 1909 298 1973 egens
315 1885 501 1972 pecorisque
519 1886 714 1951 Melanthius
732 1897 818 1951 actor
836 1885 950 1952 edendi

152 1973 283 2037 ultimus
301 1971 455 2037 accedunt
472 1972 577 2036 intua
595 1972 711 2035 damna
727 1972 839 2056 pudor.

110 2069 174 2124 tres
192 2080 303 2123 sumus
319 2057 452 2123 inbelles
469 2078 612 2134 numero,
630 2057 697 2122 siue
715 2057 834 2122 viribus
852 2079 943 2135 uxor,

153 2144 350 2226 inertesque
368 2165 480 2220 senex,
498 2142 770 2227 Telemachusque
787 2166 876 2228 puer.

111 2229 164 2295 ille
181 2252 240 2314 per
256 2228 387 2292 insidias
404 2251 506 2314 paene
524 2240 571 2293 est
589 2228 666 2292 mihi
682 2251 784 2313 nuper
801 2230 978 2314 ademptus,

153 2316 230 2379 dum
246 2324 338 2399 parat
355 2313 461 2378 invitis
479 2314 625 2379 omnibus
642 2314 687 2379 ire
704 2313 819 2398 Pylon.

113 2401 159 2477 di,
177 2421 301 2486 precor,
318 2399 379 2464 hoc
395 2399 541 2477 iubeant,
559 2410 595 2464 ut
613 2399 760 2464 euntibus
778 2400 887 2465 ordine
904 2400 978 2465 fatis

151 2486 204 2550 ille
221 2506 310 2550 meos
329 2485 436 2549 oculos
454 2485 644 2571 conprimat,
662 2486 714 2550 ille
732 2495 812 2551 tuos.

114 2571 186 2637 hinc
203 2569 326 2635 faciunt
344 2581 512 2655 custosque
530 2571 627 2635 boum
644 2571 862 2656 longaevaque
880 2571 996 2647 nutrix,

63 2686 65 2693 ·
152 2657 263 2722 tertius
281 2655 451 2721 inmundae
470 2678 545 2721 cura
561 2656 663 2720 fidelis
681 2656 787 2720 harae.

63 2754 65 2773 ¹
114 2743 167 2807 sed
183 2763 288 2825 neque
305 2741 454 2816 Laertes,
472 2754 507 2806 ut
525 2742 580 2824 qui
597 2742 637 2806 sit
653 2741 772 2805 inutilis
790 2741 894 2818 armis,

153 2826 297 2892 hostibus
314 2826 348 2890 in
365 2827 477 2891 mediis
494 2850 594 2913 regna
610 2839 718 2892 tenere
735 2836 848 2911 potest,

114 2935 171 2979 nec
187 2913 266 2977 mihi
284 2923 357 2976 sunt
374 2911 457 2976 vires
473 2913 616 2978 inimicos
634 2913 750 2998 pellere
768 2912 874 2978 tectis:

153 3010 188 3065 tu
206 2998 299 3064 citius
316 2998 439 3075 venias,
456 3009 567 3083 portus
586 3010 617 3062 et
635 3021 712 3062 aura
728 2997 806 3063 tuisl

116 3080 304 3150 Telemacho
321 3083 441 3160 veniet,
460 3083 548 3148 vivat
565 3083 669 3161 modo,
688 3084 799 3148 fortior
816 3094 916 3150 aetas:

154 3192 240 3234 nunc
257 3180 324 3234 erat
342 3169 466 3232 auxiliis
484 3170 538 3233 illa
555 3170 673 3234 tuenda
690 3170 798 3255 patris.

75 3266 79 3275 '
117 3255 249 3333 esttibi,
269 3255 385 3337 sitque,
403 3277 526 3340 precor,
545 3266 671 3340 gnatus,
689 3255 744 3339 qui
761 3255 910 3320 mollibus
928 3255 1018 3320 aunis

77 3420 80 3425 Ι
155 3340 188 3404 in
204 3340 323 3426 patrias
341 3351 424 3405 artes
443 3340 633 3405 erudiendus
651 3351 726 3405 erat.

117 3427 233 3512 respice
250 3425 405 3490 Laerten:
424 3436 461 3490 ut
477 3427 541 3489 iam
559 3449 617 3490 sua
634 3426 754 3490 lumina
772 3426 900 3502 condas,

156 3523 334 3577 extremum
350 3510 408 3575 fati
426 3511 559 3576 sustinet
576 3512 628 3576 ille
647 3511 740 3575 diem.

119 3610 198 3663 certe
217 3618 288 3683 ego,
307 3617 389 3679 quae
406 3596 530 3661 fueram
547 3607 579 3662 te
598 3597 777 3662 discedente
794 3597 910 3681 puella,
1152 3614 1199 3662 115

156 3683 300 3769 protinus
318 3693 355 3746 ut
372 3682 490 3759 venias,
507 3681 593 3746 facta
610 3682 742 3747 videbor
759 3705 847 3746 anus.

601 3835 637 3898 Il

118 3934 265 4021 Hospita,
282 3934 508 4021 Demophoon,
526 3947 581 4000 tua
599 3948 629 4000 te
647 3937 833 4022 Rhodopeia
852 3937 973 4022 Phyllis
1054 3953 1152 4020 Phyllis

156 4023 240 4086 ultra
256 4021 446 4106 promissum
463 4033 587 4107 tempus
605 4022 716 4087 abesse
733 4044 858 4106 queror.
1007 4021 1210 4090 Derucptccutz,

93 4184 107 4217 4
118 4123 237 4186 cornua
253 4128 327 4174 cum
343 4107 437 4175 lunae
451 4107 548 4195 pleno
565 4108 665 4177 semel
683 4108 762 4179 orbe
780 4109 936 4188 coissent,

908 4212 960 4274 1..
