2604 4974
253 259 368 318 Anna
386 262 614 319 nnroumn
631 262 704 317 nus.
723 245 760 316 Π.
778 255 923 318 sat-an.
1038 240 1100 309 173

122 384 260 470 disponit
277 385 417 468 laqueos.
460 386 581 451 lumina
597 385 679 450 fallit
696 408 786 470 opus.

79 471 171 555 fingit
187 471 248 534 iter
264 469 434 535 Lemnum.
478 472 609 549 veniunt
627 471 667 535 ad
685 471 798 535 foedus
816 483 973 535 amantes:

124 555 268 640 impliciti
285 557 406 640 laqueis
424 558 528 621 nudus
546 567 679 640 uterquc
696 558 810 621 iacent.

79 654 233 705 convocat
249 642 302 706 ille
321 642 411 720 deos,
429 644 583 728 praebent
601 643 781 728 spectacula
798 642 896 726 capti:

121 728 176 791 vix
193 727 338 792 lacrimas
355 729 514 794 Venerem
532 728 723 792 continuisse
740 737 863 812 putant.

78 834 142 877 non
160 812 264 877 vultus
282 814 398 878 texisse
417 837 506 890 suos,
523 836 588 878 non
606 813 743 897 denique
760 823 892 898 possunt

119 898 263 984 partibus
281 899 427 964 obscenis
445 900 629 986 obposuisse
646 921 770 962 manus.

78 983 130 1049 hic
148 983 261 1066 aliquis
279 984 385 1049 ridens
404 985 451 1050 ‘in
467 1009 533 1062 me,
552 985 721 1049 fortissime
739 983 882 1061 Mavors,

123 1070 150 1134 si
167 1070 224 1133 tibi
243 1082 315 1134 sunt
333 1071 434 1148 oneri,
452 1072 579 1136 vincula
597 1069 760 1135 transferl’
780 1069 834 1133 ait.

79 1155 134 1220 vix
150 1155 313 1241 precibus,
332 1156 495 1241 Neptune,
513 1157 576 1220 tuis
595 1156 721 1240 captiva
737 1154 866 1220 resolvit

123 1262 265 1326 corpora.
308 1241 399 1321 Mars
417 1242 562 1307 Thracen
579 1262 657 1306 occu
682 1252 727 1316 at,
745 1241 800 1304 illa
815 1239 975 1324 Paphum.

79 1326 140 1391 hoc
157 1326 216 1391 tibi
232 1325 390 1412 perfecto,
408 1327 568 1404 Vulcane,
587 1264 680 1410 quod
690 1338 763 1391 ante
782 1325 941 1412 tegebant,

121 1412 250 1477 liberius
268 1411 404 1488 faciunt,
422 1423 454 1477 et
471 1413 574 1498 pudor
592 1413 694 1477 omnis
711 1412 811 1476 abest.

79 1520 175 1583 saepe
192 1511 300 1562 tamen
318 1499 447 1562 demens
465 1500 560 1564 stulte
577 1498 690 1563 fecisse
707 1497 826 1574 fateris,

121 1595 216 1667 teque
233 1584 340 1648 ferunt
356 1584 421 1648 irae
439 1584 631 1669 paenituisse
649 1596 732 1648 tuae.

79 1669 140 1734 hoc
158 1669 254 1734 vetui.
298 1690 371 1746 vos,
390 1690 478 1747 ecce,
495 1680 582 1735 vetat
600 1670 754 1754 deprensa
771 1667 878 1732 Dione

121 1755 252 1820 insidias
270 1755 353 1831 illas,
372 1776 452 1838 quas
470 1756 542 1820 tulit
558 1756 642 1841 ipsa,
660 1756 744 1820 dare.

79 1863 139 1906 nec
155 1862 212 1905 vos
229 1840 320 1905 rivali
336 1842 466 1924 laqueos
484 1841 654 1927 disponite,
672 1863 732 1906 nec
750 1862 806 1904 vos

124 1926 258 2012 excipite
276 1948 392 1991 aroana
408 1927 507 1992 verba
524 1938 631 1992 notata
649 1949 755 1991 manu.

79 2012 141 2078 ista
157 2013 218 2078 viri
235 2024 375 2113 captent,
394 2012 421 2076 si
437 2013 501 2077 iam
520 2012 677 2099 captanda
693 2012 861 2097 putabunt,

123 2120 202 2183 quos
220 2097 315 2163 fac1et
331 2099 432 2163 iustos
449 2099 532 2184 ignis
551 2111 582 2164 et
599 2099 686 2164 unda
703 2099 796 2162 viros.

80 2207 135 2261 en,
153 2183 268 2249 iterum
286 2195 393 2249 testor.
437 2185 515 2248 nihil
532 2185 596 2261 hic,
615 2185 676 2249 nisi
694 2185 765 2269 lege
783 2182 949 2248 remissum

123 2271 251 2334 luditur.
296 2269 330 2334 in
347 2270 462 2334 nostris
480 2271 588 2334 instita
605 2270 692 2335 nulla
708 2269 796 2333 iocis.

80 2356 151 2439 quis
170 2353 295 2420 Cereris
312 2355 392 2419 ritus
410 2355 493 2420 ausit
510 2357 641 2441 vulgare
659 2355 810 2440 profanis,

123 2463 303 2527 magnaque
321 2441 469 2506 Threicia
487 2463 576 2506 sacra
593 2453 718 2526 reperta
736 2438 853 2506 Samo?

81 2527 198 2612 exigua
216 2540 264 2592 est
281 2527 380 2591 virtus
398 2538 559 2613 praestare
577 2527 701 2591 silentia
718 2526 824 2602 rebus,

124 2625 156 2676 at
173 2625 282 2677 contra
322 2613 406 2677 ravis
424 2624 472 2677 est
489 2614 583 2698 culpa
601 2613 735 2677 tacenda
751 2611 848 2695 loqui.

82 2699 214 2776 obene,
231 2636 321 2782 quod
334 2699 452 2764 frustra
470 2699 602 2784 captatis
620 2698 732 2763 arbore
749 2697 852 2782 pomis

123 2785 270 2870 garrulus
288 2785 443 2873 inmedia
460 2785 614 2849 Tantalus
633 2801 700 2849 aret
718 2782 819 2867 aqual

81 2871 250 2956 praecipue
269 2867 428 2955 Cytherea
445 2871 534 2935 iubet
551 2894 609 2935 sua
627 2892 717 2934 sacra
734 2868 846 2933 taceri:

125 2957 294 3033 admoneo,
313 2957 421 3021 veniat
437 2957 550 3039 nequis
568 2957 609 3021 ad
626 2957 680 3021 illa
696 2955 824 3039 loquax.

83 3042 209 3107 condita
226 3042 253 3106 si
270 3065 335 3107 non
352 3052 426 3106 sunt
442 3043 576 3108 Veneris
595 3041 745 3126 mysteria
763 3040 859 3118 cistis,

125 3149 184 3192 nec
202 3150 281 3193 cava
297 3128 441 3192 vaesanis
459 3127 574 3193 ictibus
593 3151 666 3193 aera
685 3137 808 3203 sonant,

83 3223 222 3279 attamen
240 3213 396 3278 internos
414 3214 518 3279 medio
537 3224 703 3278 versantur
720 3214 753 3278 in
771 3234 842 3289 usn,

126 3299 182 3363 sed
200 3298 258 3376 sic,
276 3299 358 3363 inter
374 3321 432 3363 nos
450 3311 486 3364 ut
502 3300 631 3364 latuisse
649 3299 757 3364 velint.

82 3384 152 3470 ipsa
170 3384 280 3449 Venus
297 3385 429 3469 pubem,
448 3386 593 3468 quotiens
611 3384 768 3449 velamina
784 3383 882 3476 ponit,

16 3516 22 3544 ,
126 3470 303 3556 protegitur
318 3471 410 3535 laeva
428 3471 638 3535 semireducta
655 3493 763 3534 manu.

84 3555 117 3620 in
135 3555 240 3620 medio
257 3556 439 3640 passimque
457 3556 520 3620 coit
536 3579 644 3641 pecus.
688 3556 749 3620 hoc
765 3576 892 3639 quoque
910 3554 978 3618 viso

128 3641 241 3706 avert't
259 3642 362 3706 vultus
381 3665 475 3727 saepe
492 3643 598 3727 puella
616 3664 699 3706 suos.

10 3796 15 3808 ,
86 3727 278 3792 conveniunt
295 3727 425 3791 thalami
442 3727 535 3791 furtis
553 3738 585 3792 et
602 3728 699 3792 ianua
716 3726 840 3800 nostris,

20 3842 43 3883 a,
129 3833 267 3899 parsque
284 3813 344 3877 sub
361 3812 477 3878 iniecta
494 3825 581 3878 veste
598 3813 747 3898 pudenda
763 3812 854 3876 latet:

87 3911 119 3965 et
136 3899 245 3964 sinon
262 3899 423 3976 tenebras,
442 3910 475 3964 at
492 3898 643 3982 quiddam
660 3898 754 3963 nubis
773 3918 892 3982 opacae

59 3978 83 4071 ³,
128 3985 311 4070 quaerimus
329 3995 424 4068 atque
442 3984 562 4068 aliquid
579 3987 650 4050 luce
667 3993 795 4070 patente
811 3983 926 4048 minus.
1127 4004 1177 4060 620

48 4124 75 4171 m
87 4081 163 4142 tuno
180 4092 324 4159 quoque,
342 4093 415 4138 cum
433 4071 532 4136 solem
549 4072 691 4138 nondum
708 4069 897 4158 prohibebat
914 4080 946 4137 et
963 4068 1097 4139 imbrem

10 4248 68 4319 3¹1
171 4283 174 4287 ·
