2604 4974
341 293 598 358 Amonunmu.
616 301 639 355 1.
658 299 885 373 mma-xes.
1081 280 1123 349 93

103 422 171 489 sola
188 422 256 488 viro
273 422 386 490 mulier
402 425 509 510 spoliis
528 424 647 489 exultat
665 424 833 509 ademptis:

146 510 213 574 sola
230 510 315 574 locat
331 521 455 587 noctes,
474 510 540 574 sola
557 510 691 574 locanda
708 510 808 573 venit:
1143 526 1175 574 30

104 606 135 660 et
152 595 261 660 vendit
278 595 364 678 quod
380 607 550 679 utrumque
566 596 669 671 iuvat,
688 595 772 677 quod
790 605 924 678 uterque
942 594 1080 680 petebat,

147 691 177 744 et
195 680 345 765 pretium,
364 680 473 764 quanti
490 680 629 765 gaudeat
645 680 729 765 ipsa,
747 680 833 743 facit.

104 786 186 848 quae
204 765 314 830 Venus
331 788 371 830 ex
389 787 490 848 aequo
508 777 642 830 ventura
659 775 706 829 est
723 777 815 850 grata
832 764 966 840 duobus,

148 852 246 914 altera
263 872 320 914 cur
336 851 423 914 illam
440 851 547 915 vendit
567 862 598 915 et
616 851 695 914 alter
712 850 806 914 emit?

106 957 162 1000 cur
180 935 257 998 mihi
275 934 316 1000 sit
333 935 463 1012 damno,
482 936 540 999 tibi
557 936 597 998 sit
614 936 738 999 lucrosa
755 936 911 1021 voluptas,

148 1041 244 1103 quam
263 1021 348 1085 socio
367 1032 454 1085 motu
472 1020 591 1086 femina
608 1020 719 1103 virque
737 1020 861 1085 ferunt?

106 1128 170 1170 non
189 1106 269 1170 bene
287 1105 433 1171 conducti
452 1106 593 1170 vendunt
610 1105 747 1191 periuria
764 1116 869 1181 testes,

148 1213 212 1255 non
230 1191 311 1256 bene
329 1191 435 1255 selecti
452 1191 564 1255 iudicis
582 1213 656 1254 arca
672 1200 769 1275 patet.

106 1288 212 1362 turpe,
230 1298 301 1340 reos
319 1288 425 1361 empta
441 1276 571 1340 miseros
590 1276 759 1341 defendere
776 1276 899 1360 lingua;

149 1361 234 1445 quod
252 1360 348 1425 faciat
364 1384 509 1447 magnas,
528 1373 619 1446 turpe
636 1361 788 1436 tribunal,
805 1382 891 1446 opes.

106 1456 212 1531 turpe,
231 1447 291 1511 tori
308 1447 410 1511 reditu
429 1468 541 1512 census
559 1469 676 1531 augere
693 1457 841 1531 paternos

149 1545 180 1598 et
197 1532 311 1596 faciem
328 1532 416 1596 lucro
434 1532 628 1617 prostituisse
646 1554 746 1596 suam.

105 1618 209 1704 gratia
225 1639 283 1702 pro
300 1617 396 1682 rebus
414 1618 525 1682 merito
543 1618 676 1682 debetur
691 1616 853 1700 inemptis,

149 1725 206 1789 pro
223 1704 306 1768 male
324 1702 480 1767 conducto
498 1703 600 1788 gratia
616 1703 704 1766 nulla
721 1712 800 1766 toro.

106 1789 213 1853 omnia
230 1788 402 1852 conductor
420 1788 521 1852 solvit.
565 1788 709 1853 mercede
728 1787 831 1851 soluta

148 1896 212 1938 non
230 1885 336 1938 manet
353 1873 458 1937 officio
476 1873 600 1938 debitor
616 1874 668 1938 illc
686 1886 751 1937 tuo.

105 1959 238 2045 parcite,
256 1958 427 2035 formosae,
445 1959 580 2044 pretium
599 1979 656 2043 pro
673 1970 765 2022 nocte
783 1957 914 2042 pacisci:

148 2067 212 2109 non
230 2043 326 2108 habet
342 2055 475 2108 eventus
494 2045 620 2108 sordida
637 2045 755 2129 praeda
771 2044 882 2107 bonos·

105 2152 169 2194 non
187 2129 249 2194 fuit
266 2129 403 2194 armillas
421 2129 501 2193 tanti
518 2129 676 2215 pepigisse
696 2127 841 2206 Sabinas,

148 2227 184 2280 ut
201 2226 379 2300 premerent
396 2237 503 2279 sacrae
521 2215 651 2300 virginis
669 2238 757 2279 arma
774 2225 878 2299 caput.

106 2325 123 2366 e
141 2301 258 2385 quibus
277 2300 408 2375 exierat,
427 2301 548 2365 traiecit
565 2301 686 2364 viscera
703 2301 786 2365 ferro

148 2387 247 2450 filius:
266 2396 297 2450 et
314 2407 435 2470 poenae
454 2407 550 2450 causa
565 2387 682 2450 monile
701 2386 769 2450 fuit.

105 2493 165 2537 nec
183 2483 289 2536 tamen
306 2471 472 2556 indignum
490 2482 538 2536 est
555 2494 574 2534 a
592 2472 688 2536 divite
704 2471 846 2556 praemia
863 2468 965 2554 posci:

149 2579 282 2621 munera
298 2557 441 2642 poscenti
459 2557 545 2638 quod
562 2556 637 2621 dare
654 2556 768 2640 possit,
786 2555 891 2620 habet.

107 2642 226 2728 carpite
245 2642 283 2706 de
301 2642 402 2726 plenis
420 2642 592 2726 pendentes
611 2642 728 2705 vitibus
745 2664 835 2717 uvas,

149 2727 300 2812 praebeat
317 2727 444 2791 Alcinoi
462 2748 557 2812 poma
575 2727 730 2811 benignus
747 2749 833 2812 ager.

107 2812 248 2877 officium
265 2835 387 2897 pauper
404 2824 548 2877 numeret
565 2813 767 2894 studiumque
784 2812 955 2893 fidemque:

149 2897 236 2981 quod
252 2896 323 2981 quis
342 2897 447 2972 habet,
465 2897 610 2962 dominae
628 2898 769 2961 conferat
785 2918 878 2961 omne
896 2918 982 2960 suae.

107 2995 156 3048 est
173 3004 300 3066 quoque
318 2982 509 3046 carminibus
527 2983 654 3048 meritas
672 2982 831 3047 celebrare
848 2981 969 3067 puellas

151 3069 208 3133 dos
226 3090 307 3132 mea.
351 3089 447 3150 quam
464 3068 564 3144 volui,
582 3080 657 3132 nota
674 3068 710 3131 fit
728 3079 794 3132 arte
811 3090 891 3131 mea.

108 3152 291 3218 scindentur
308 3163 424 3228 vestes,
442 3175 587 3237 gemmae
605 3154 791 3239 frangentur
808 3164 839 3217 et
856 3174 981 3216 aurum:

151 3237 292 3304 carmina
308 3258 406 3321 quam
422 3238 574 3314 tribuent,
593 3239 678 3303 fama
694 3238 842 3324 perennis
859 3238 927 3302 erit.

108 3345 168 3390 nec
186 3324 277 3398 dare,
294 3324 351 3387 sed
368 3322 503 3408 pretium
522 3324 609 3408 posci
627 3324 780 3408 dedignor
797 3335 827 3387 et
846 3323 908 3387 odi.

152 3407 237 3494 quod
255 3429 338 3494 nego
356 3409 514 3493 poscenti,
533 3408 640 3473 desine
658 3409 752 3484 velle,
772 3408 864 3472 dabo.

111 3662 271 3749 Colligere
288 3662 424 3728 incertos
441 3662 522 3728 etin
540 3663 648 3727 ordine
665 3685 781 3747 ponere
799 3662 899 3726 crines

95 3832 98 3836 Α
154 3750 247 3814 docta
264 3769 368 3832 neque
386 3748 514 3812 ancillas
532 3748 614 3812 inter
630 3747 776 3812 habenda
793 3748 895 3832 Nape,

109 3835 208 3918 inque
224 3833 405 3898 ministeriis
422 3833 557 3898 furtivae
575 3834 702 3918 cognita
718 3834 819 3897 noctis

153 3920 239 3984 utilis
257 3930 289 3984 et
306 3919 417 3983 dandis
435 3918 598 4003 ingeniosa
615 3918 707 3994 notis,

111 4028 208 4091 saepe
225 4004 333 4070 venire
350 4004 459 4069 adme
478 4004 674 4069 dubitantem
692 4003 817 4068 hortata
835 3999 1016 4081 Corinnam,

154 4113 249 4184 saepe
266 4089 422 4160 laboranti
440 4089 504 4160 fida
520 4099 644 4181 reperta
661 4089 748 4166 mihi,
