2604 4974
89 240 91 245 ⁸
166 282 280 338 sarrs
297 280 525 338 auaroumu
542 280 615 336 cru.
633 281 657 334 1.
674 279 820 334 cor-vva.
839 278 876 332 11.
895 278 972 334 1-5.
1017 262 1079 330 169

100 415 136 468 ut
155 407 257 489 quite
275 405 395 482 videat,
414 405 517 470 dicere
535 404 634 489 possit
652 402 773 466 ‘amas’
791 438 835 448 --

52 513 243 575 conquerar,
261 515 302 555 an
320 512 480 567 moneam,
497 489 630 553 mixtum
649 487 698 555 fas
715 510 808 552 omne
826 486 998 571 nefasque?

100 600 216 642 nomen
233 577 371 641 amicitia
388 587 449 654 est,
468 597 583 640 nomen
600 575 694 639 inane
711 573 800 638 fides.
1098 593 1148 642 740

54 663 87 729 ei
104 663 196 738 mihi,
214 685 278 727 non
296 673 398 725 tutum
417 672 480 737 est,
498 661 584 744 quod
602 682 703 736 ames,
720 658 850 724 laudare
868 657 981 723 sodalil

101 771 172 813 cum
192 749 249 813 tibi
266 747 407 812 laudanti
426 748 572 823 credidit,
589 746 658 831 ipse
676 744 771 810 subit.

55 851 90 900 at
108 857 172 898 non
189 835 358 899 Actorides
375 834 493 897 lectum
511 831 674 898 temeravit
690 830 841 895 Achillis:

101 932 254 1004 quantum
273 921 313 983 ad
330 918 524 995 Pirithoum,
542 917 690 982 Phaedra
706 917 823 1002 pudica
839 915 909 980 fuit.

59 1005 265 1070 Hermionam
282 1005 422 1088 Pylades
440 1026 503 1087 quo
521 1002 656 1069 Pallada
671 1002 824 1067 Phoebus
842 1001 980 1079 amabat,
1099 1020 1147 1069 745

102 1091 250 1174 qnodque
268 1090 325 1154 tibi
343 1090 506 1175 geminus,
524 1088 680 1174 Tyndari,
700 1085 825 1165 Castor,
843 1099 920 1153 erat.

57 1176 157 1259 siquis
175 1177 259 1240 idem
278 1186 397 1261 sperat,
415 1176 533 1240 laturas
550 1197 646 1260 poma
662 1174 799 1259 myricas

102 1273 220 1347 speret,
239 1273 269 1326 et
288 1285 305 1326 e
323 1261 428 1326 medio
445 1261 574 1326 flumine
591 1261 686 1325 mella
702 1271 799 1345 petat.

57 1348 102 1412 nil
120 1347 181 1411 nisi
198 1360 289 1432 turpe
306 1347 410 1423 iuvat,
429 1368 522 1412 curae
541 1369 599 1411 sua
616 1346 731 1428 cuique
749 1347 909 1430 voluptas:

101 1433 179 1498 haec
196 1455 323 1516 quoque
341 1433 382 1496 ab
399 1433 528 1498 alterius
545 1443 636 1518 grata
654 1431 761 1496 dolore
779 1431 875 1496 venit.

58 1517 121 1583 heu
138 1518 274 1583 facinusl
293 1541 356 1582 non
375 1530 423 1584 est
438 1518 537 1582 hostis
555 1516 743 1583 metuendus
760 1517 893 1581 amanti:

101 1625 180 1688 quos
200 1604 301 1669 credis
319 1604 414 1681 fidos,
432 1603 553 1689 effuge3
572 1614 659 1667 tutus
677 1602 749 1667 eris.

59 1704 228 1776 cognatum
246 1690 439 1772 fratremque
457 1712 534 1753 cave
552 1710 723 1772 carumque
742 1687 895 1752 sodalem:

101 1776 264 1861 praebebit
282 1799 373 1840 veros
391 1775 470 1840 haec
487 1775 545 1839 tibi
563 1775 656 1839 turba
673 1786 786 1839 metus.
804 1808 847 1818 --

58 1861 203 1926 finiturus
221 1884 317 1927 eram.
335 1898 379 1908 -
396 1860 452 1926 sed
469 1872 543 1925 sunt
560 1861 685 1925 diversa
702 1859 816 1946 puellis

99 1960 240 2033 pectora:
259 1947 344 2012 mille
362 1947 484 2011 animos
502 1948 612 2032 excipe
630 1946 716 2011 mille
733 1945 844 2009 modis.

57 2056 117 2099 nec
134 2034 226 2098 tellus
244 2035 356 2098 eadem
373 2033 455 2119 parit
473 2034 587 2097 omnia.
630 2031 747 2096 vitibus
766 2032 821 2095 illa

100 2119 260 2196 convenit,
278 2120 356 2183 haec
374 2119 465 2196 oleis3
483 2119 535 2183 hic
552 2119 634 2182 bene
651 2119 736 2182 farra
753 2117 865 2182 virent.

57 2205 238 2291 pectoribus
255 2227 359 2269 mores
377 2215 424 2269 tot
441 2215 529 2281 sunt,
548 2214 626 2287 quot
642 2204 675 2267 in
693 2204 769 2268 orbe
787 2202 924 2288 figurae:

100 2289 155 2374 qui
173 2290 267 2375 sapit,
285 2290 457 2354 innumeris
475 2290 616 2353 moribus
633 2300 726 2374 aptus
744 2288 812 2366 erit,

57 2386 155 2458 utque
172 2375 258 2440 leves
275 2375 412 2441 Proteus
430 2375 525 2439 modo
543 2397 577 2439 se
595 2375 737 2439 tenuabit
753 2376 786 2438 in
804 2374 918 2453 undas,

100 2484 184 2526 nunc
201 2461 265 2540 leo,
282 2482 369 2525 nunc
386 2461 488 2538 arbor,
506 2482 592 2524 nunc
610 2461 668 2525 erit
686 2460 787 2524 hirtus
805 2481 890 2546 aper.

56 2546 108 2611 hic
124 2547 227 2611 iaculo
244 2547 362 2632 pisces,
379 2547 433 2611 illa
451 2547 618 2631 capiuntur
635 2547 675 2611 ab
693 2546 805 2625 hamis,

99 2633 156 2697 hos
175 2654 254 2698 cava
271 2643 419 2697 contento
436 2632 515 2696 retia
531 2632 608 2696 fune
626 2632 763 2696 trahunt.

54 2741 114 2783 nec
133 2718 189 2782 tibi
207 2719 374 2783 conveniet
391 2729 521 2783 cunctos
539 2718 653 2782 modus
670 2741 754 2783 unus
772 2719 812 2784 ad
830 2740 940 2784 annos.

97 2804 224 2889 longius
242 2804 371 2868 insidias
389 2825 483 2868 cerva
500 2802 620 2868 videbit
637 2827 726 2868 anus.

55 2890 82 2954 si
101 2891 211 2954 doctus
229 2890 356 2954 videare
373 2889 444 2954 rudi
461 2890 648 2974 petulansve
664 2889 807 2973 pudenti,

99 2976 221 3039 diffidet
239 2976 372 3040 miserae
389 2975 533 3061 protinus
550 2975 605 3038 illa
622 2974 694 3039 sibi.

54 3060 129 3126 inde
147 3061 197 3138 fit,
216 3072 252 3124 ut
269 3084 350 3144 quae
369 3084 403 3126 se
420 3060 526 3125 timuit
543 3061 738 3126 committere
756 3061 898 3138 honest0,

97 3146 168 3210 vilis
186 3146 227 3210 ad
244 3147 409 3232 amplexus
427 3147 584 3212 inferioris
603 3158 663 3212 eat
681 3183 725 3193 -

54 3253 127 3318 pars
146 3244 275 3317 superat
292 3233 409 3317 coepti,
427 3255 501 3318 pars
519 3244 567 3297 est
584 3232 739 3297 exhausta
755 3231 882 3297 laboris.

97 3317 149 3383 hic
167 3329 271 3383 teneat
288 3330 412 3382 nostras
430 3340 545 3383 ancora
562 3318 644 3382 iacta
661 3337 753 3383 rates.

392 3588 508 3643 LIBER
527 3585 733 3646 SECUNDUS.

52 3744 160 3808 Dicite
179 3744 223 3808 ‘io
241 3744 366 3809 Paean!
372 3745 380 3773 ’
399 3757 430 3810 et
448 3745 507 3809 ‘io’
525 3745 574 3811 bis
593 3746 687 3812 dicite
706 3747 858 3812 ‘Paeanl'

95 3830 212 3895 decidit
229 3830 260 3893 in
279 3822 383 3895 cdsses
401 3833 518 3917 praeda
535 3832 634 3918 petita
651 3855 747 3897 meos.

51 3915 153 3979 laetus
171 3939 280 3980 amans
299 3917 394 3980 donat
411 3918 504 3981 viridi
521 3940 593 3982 mea
610 3919 749 3983 carmina
766 3919 872 4005 palma

93 4002 234 4086 praelata
256 4003 393 4067 Ascraeo
411 4003 626 4086 Maeonioque
644 4004 721 4068 seni.

49 4087 122 4153 tais
144 4088 185 4153 ab
208 4087 362 4154 armiferis
379 4088 557 4154 Priameius
580 4089 694 4176 hospes
712 4089 857 4176 Amyclis
