2604 4974
225 311 340 367 ARTIS
358 312 588 368 AMA'l'ORlAE
605 311 678 365 LIB.
697 311 719 364 1.
738 310 884 366 ata-429.

108 458 172 499 non
189 435 246 498 tibi
264 435 305 498 ab
324 435 438 499 ancilla
455 445 502 500 est
519 434 699 519 incipienda
717 433 838 499 Venus.

66 520 125 586 hoc
142 544 242 584 unum
260 542 382 596 moneo,
402 521 506 604 siquid
523 521 618 584 modo
636 519 774 584 creditur
791 519 860 594 arti,

108 628 166 671 nec
184 629 255 670 mea
273 605 357 670 dicta
375 629 474 690 rapax
492 628 549 690 per
566 628 654 670 mare
672 616 785 669 ventus
804 605 884 689 agit:

65 704 199 756 autnon
218 702 282 756 tem
306 691 396 766 teris,
415 703 470 755 aut
486 691 612 776 perfice.
657 691 777 754 tollitur
793 690 899 766 index,

108 799 181 840 oum
199 713 346 841 semeiin
363 793 486 861 partem
505 776 642 840 criminis
660 776 730 860 ipsa
747 776 842 840 venit.

65 885 129 926 non
146 863 214 927 avis
231 861 350 927 utiliter
367 862 493 926 viscatis
512 861 625 947 effugit
643 862 711 938 alis,

107 970 172 1012 non
189 948 270 1012 bene
288 947 327 1011 de
344 947 425 1011 laxis
443 946 586 1011 cassibus
604 947 669 1012 exit
686 967 772 1032 aper,

65 1034 191 1097 saucius
210 1044 334 1117 arrepto
352 1033 447 1117 piscis
465 1043 610 1097 teneatur
627 1033 668 1098 ab
686 1032 795 1096 hamo:

107 1119 266 1204 perprime
284 1130 482 1202 temptatam,
501 1141 560 1183 neo
577 1119 639 1183 nisi
656 1119 757 1183 vietor
773 1117 836 1182 abi.

65 1216 141 1268 ωηο
158 1225 261 1286 neque
278 1215 309 1269 te
328 1205 441 1288 prodet
458 1205 618 1268 communi
635 1203 731 1268 noxia
749 1205 851 1290 culpa,

107 1291 254 1373 laetaque
273 1302 365 1354 erunt
383 1290 528 1354 dominae
547 1290 693 1372 dictaque
710 1300 786 1353 nota
803 1289 870 1353 tibi.

65 1376 122 1440 sed
140 1376 221 1440 bene
239 1376 367 1439 celetur.
411 1375 492 1439 bene
510 1375 537 1439 si
556 1375 710 1440 celabitur
726 1375 831 1451 index,

107 1461 236 1525 notitiae
255 1460 375 1525 suberit
393 1483 518 1548 semper
535 1461 637 1526 amica
654 1472 738 1524 tuae.

64 1558 207 1632 tempora
224 1546 280 1630 qui
297 1545 371 1610 solis
390 1567 523 1630 operosa
541 1546 717 1611 colentibus
736 1569 821 1621 arva,

107 1633 237 1709 fallitur,
256 1643 288 1696 et
305 1631 408 1695 nautis
427 1633 483 1696 ads
507 1631 631 1696 icienda
647 1641 748 1716 putat

65 1740 125 1784 nee
142 1740 267 1803 semper
284 1715 441 1782 credenda
459 1653 558 1783 Circe
575 1716 741 1781 fallacibus
760 1716 854 1794 arvis,

107 1825 167 1868 nec
185 1825 311 1887 semper
327 1802 419 1865 viridi
437 1823 577 1867 concava
594 1803 708 1889 puppis
727 1825 840 1887 aquae,

64 1911 124 1954 nec
142 1902 265 1953 teneras
283 1910 407 1973 semper
425 1898 528 1952 tutum
546 1900 673 1974 captare
690 1890 827 1974 puellas:

108 1997 202 2058 saepe
221 1974 294 2039 dato
312 1973 424 2038 melius
442 1986 583 2058 tempore
600 1974 656 2039 fiet
672 1975 766 2039 idem.

66 2060 132 2125 sive
151 2061 217 2124 dies
236 2058 356 2124 suberit
373 2061 503 2137 natalis,
522 2060 588 2124 sive
606 2061 784 2137 Kalendae,

107 2166 186 2229 quas
205 2145 364 2211 Venerem
380 2144 480 2209 Marti
499 2145 699 2210 continuasse
716 2146 816 2209 iuvat:

66 2231 132 2296 sive
150 2231 209 2295 erit
226 2242 355 2295 ornatus
372 2252 437 2295 non
454 2241 491 2295 ut
508 2230 569 2295 fuit
586 2242 659 2295 ante
678 2231 798 2316 sigillis,

109 2317 164 2381 sed
181 2339 294 2402 regum
311 2315 430 2401 positas
449 2316 551 2381 circus
568 2317 698 2381 habebit
716 2338 805 2401 opes:

66 2402 159 2467 differ
176 2423 265 2486 opus.
310 2413 387 2466 tune
404 2401 501 2466 tristis
517 2401 655 2487 hiemps,
673 2413 749 2466 tunc
766 2402 895 2468 Pliades
912 2403 1039 2479 instant,

109 2499 184 2552 tunc
201 2499 290 2552 tener
306 2509 464 2571 aequorea
480 2488 634 2588 mergitur
651 2487 785 2552 Haedus
804 2510 901 2571 aqua:

65 2586 141 2638 tunc
160 2573 240 2638 bene
258 2573 425 2650 desinitur3
443 2585 519 2638 tuno
537 2574 636 2656 s1quis
655 2573 792 2638 creditur
809 2575 882 2650 altu,

108 2658 162 2724 vix
180 2659 281 2724 tenuit
297 2659 420 2723 lacerae
437 2658 594 2744 naufraga
611 2659 753 2723 membra
770 2661 856 2724 ratis.

65 2756 101 2809 tu
118 2744 191 2809 lieet
208 2744 355 2829 incipias,
373 2765 437 2827 qua
454 2744 567 2809 flebilis
585 2744 672 2808 Allia
689 2745 760 2809 luce

109 2830 293 2895 vulneribus
311 2829 413 2893 Latiis
432 2829 676 2915 sanguinulenta
692 2829 762 2906 fuit,

65 2937 193 3000 quaque
211 2915 261 2979 die
279 2916 428 2991 redeunt,
446 2915 541 2979 rebus
559 2916 664 2980 minus
682 2927 756 3000 apta
774 2916 931 3004 gerendis,

109 3001 194 3065 culta
209 3001 392 3065 Palaestino
410 3002 543 3086 septima
560 3001 642 3066 festa
660 3000 753 3086 Syro.

65 3109 183 3172 magna
200 3087 381 3171 superstitio
398 3086 456 3150 tibi
474 3087 514 3150 sit
531 3087 643 3152 natalis
662 3087 798 3154 amicae:

108 3193 234 3256 quaque
252 3171 372 3255 aliquid
390 3173 530 3237 dandum
548 3184 609 3251 est,
627 3173 682 3238 illa
699 3173 740 3238 sit
758 3187 826 3240 atra
843 3175 920 3239 dies.

66 3281 138 3322 cum
157 3258 238 3322 bene
256 3258 378 3334 vitaris,
396 3268 502 3323 tamen
520 3259 653 3324 auferet.
696 3260 817 3326 invenit
835 3271 936 3326 artem

108 3343 240 3420 femina,
259 3364 322 3425 qua
340 3343 447 3428 cupidi
465 3356 574 3429 carpat
591 3346 727 3410 amantis
745 3369 831 3432 opes.

64 3429 190 3493 institor
208 3429 248 3492 ad
266 3429 426 3492 dominam
444 3429 550 3493 veniet
567 3429 738 3507 discinctus
755 3453 908 3509 emacem,

109 3514 256 3599 expediet
272 3536 392 3579 merces
410 3526 505 3597 teque
523 3515 651 3580 sedente
670 3538 757 3582 suas:

66 3623 146 3684 quas
163 3600 233 3676 illa,
249 3599 412 3684 inspicias,
431 3622 540 3684 sapere
558 3612 594 3665 ut
611 3600 753 3680 videare,
770 3601 909 3688 rogabit:

110 3687 218 3750 oscula
236 3685 349 3750 deinde
367 3684 469 3749 dabit:
488 3685 602 3751 deinde
619 3688 759 3773 rogabit,
777 3711 874 3753 emas.

66 3772 127 3835 hoc
144 3771 212 3835 fore
230 3783 410 3836 contentam
427 3771 544 3835 multos
561 3771 678 3838 iurabit
694 3773 727 3837 in
745 3797 854 3851 annos,

109 3880 195 3921 nunc
213 3878 292 3941 opus
310 3879 379 3921 esse
397 3857 471 3932 sibi,
489 3880 574 3922 nune
591 3858 673 3924 bene
691 3860 774 3925 dicet
791 3860 862 3925 emi.

68 3943 94 4008 si
112 3966 176 4006 nou
194 3965 262 4006 esse
281 3942 380 4019 domi,
398 3964 478 4026 quos
496 3943 567 4020 des,
585 3947 757 4011 causabere
774 3967 931 4024 nummos,

111 4029 215 4093 littera
232 4043 393 4113 poscetur3
411 4052 451 4094 ne
469 4029 616 4096 didicisse
633 4031 730 4096 iuvet.

70 4115 161 4202 quid,
180 4114 271 4198 quasi
287 4115 385 4180 natali
402 4137 475 4180 oum
492 4116 594 4201 poscit
610 4140 743 4182 munera
758 4117 834 4196 libo,
