2604 4974
206 726 248 799 46
541 737 575 794 P.
594 738 703 821 0va
720 737 882 817 rasurus
983 812 987 818 ¹

248 878 281 933 et
296 864 412 930 multos
428 863 493 928 illic
510 864 667 928 Hectoras
685 884 754 927 esse
771 872 864 948 puta:
967 895 970 900 ·
991 937 993 941 .
1060 890 1064 894 ·

130 1021 134 1031 ,
206 963 238 1019 et
254 952 349 1017 facito
367 960 403 1015 ut
420 950 520 1025 dicas,
539 947 684 1032 quotiens
701 969 845 1033 pugnare
861 947 987 1032 parabis

155 1035 189 1105 to
248 1044 260 1106 t
264 1058 393 1122 parcere
409 1058 461 1099 me
478 1034 570 1098 iussit
584 1031 764 1098 Laodamia
781 1032 861 1098 sibi?

205 1123 233 1188 si
250 1122 362 1187 cadere
378 1120 531 1205 Argolico
548 1118 598 1183 fas
616 1129 663 1183 est
680 1116 740 1181 sub
756 1117 855 1183 milite
873 1117 1013 1195 Troiam,

248 1217 279 1273 te
296 1227 422 1289 quoque
439 1227 503 1269 non
519 1205 621 1269 ullum
637 1203 752 1267 vulnus
769 1202 905 1268 habente
923 1203 1026 1268 cadat.

205 1303 327 1380 pugnet
343 1302 375 1356 et
392 1291 540 1355 adversos
558 1289 668 1355 tendat
683 1287 852 1354 Menelaus
870 1289 904 1352 in
920 1288 1033 1354 hostis:

247 1376 391 1442 hostibus
408 1399 426 1442 e
443 1374 555 1440 mediis
572 1385 671 1460 nupta
688 1373 825 1459 petenda
842 1373 910 1439 viro
927 1384 985 1440 cst.

157 1481 188 1530 75
207 1472 374 1529 causatus
391 1471 439 1528 est
456 1462 576 1547 dispar:
594 1470 629 1525 tu
647 1469 770 1525 tantum
787 1457 895 1526 vivere
912 1482 1021 1546 pugna

248 1551 343 1631 inque
382 1547 429 1611 ios
448 1546 592 1615 dominae
632 1567 703 1611 osse
719 1544 822 1612 redire
838 1545 936 1611 sinus.

206 1634 340 1721 parcite,
357 1571 577 1709 Ttardanidae,
618 1653 636 1697 e
653 1640 713 1709 tot,
730 1653 852 1717 precor,
868 1631 1011 1697 hostibus
1029 1631 1095 1711 uni,

251 1741 398 1786 nemeus
416 1741 456 1782 ex
473 1717 526 1782 illo
545 1738 675 1803 corpore
693 1717 822 1803 sanguis
841 1727 901 1782 eat.

206 1814 349 1881 nonest,
368 1824 463 1887 quem
480 1803 591 1868 deceat
606 1803 693 1867 nudo
711 1824 896 1869 concurrere
914 1801 997 1868 ferro

157 1906 190 1954 80
249 1910 406 1972 saevaque
423 1889 455 1951 in
473 1889 633 1974 obpositos
650 1900 779 1974 pectora
796 1889 878 1953 ferre
895 1888 989 1953 viros.

207 1975 318 2041 fortius
336 1975 388 2038 ille
405 1984 510 2060 potest
527 1973 641 2050 multo,
660 1996 756 2057 quam
773 1985 909 2059 pugnat,
928 1997 1043 2039 amare.

249 2061 333 2125 bella
349 2069 462 2145 gerant
479 2058 544 2123 alii:
562 2058 756 2124 Protesilaus
774 2071 867 2124 amet.

207 2168 292 2210 nunc
309 2146 424 2210 fateor:
443 2144 529 2208 volui
545 2166 708 2220 revocare,
725 2143 913 2228 animusque
930 2144 1060 2210 ferebat.

251 2230 390 2295 substitit
408 2229 540 2315 auspicii
556 2230 666 2314 lingua
684 2230 795 2295 timore
812 2230 896 2294 mali.

158 2333 190 2382 85
209 2339 281 2381 cum
298 2314 419 2380 foribus
437 2316 533 2379 velles
550 2315 592 2379 ad
609 2315 739 2379 Troiam
756 2314 842 2380 exire
859 2315 1007 2400 paternis,
1116 2376 1120 2382 .

250 2424 306 2487 pes
324 2413 398 2465 tuus
416 2398 536 2465 offenso
553 2399 661 2464 limine
680 2399 771 2485 signa
788 2400 888 2464 dedit:

209 2499 245 2552 ut
261 2486 340 2563 vidi,
359 2485 499 2570 ingemui
516 2485 675 2569 tacitoque
692 2484 726 2548 in
742 2496 870 2570 pectore
888 2485 953 2550 dixi

251 2573 358 2657 ‘signa
374 2570 531 2638 reversuri
549 2570 625 2647 sint,
643 2592 764 2656 precor,
781 2570 842 2635 ista
860 2571 946 2636 viril’

209 2658 287 2722 haec
303 2656 362 2721 tibi
377 2677 463 2720 nunc
479 2655 595 2732 refero,
612 2679 653 2720 ne
670 2657 713 2720 sis
731 2656 891 2721 animosus
907 2657 941 2720 in
959 2656 1062 2721 armis.

159 2761 192 2809 90
251 2742 304 2808 fac
320 2763 409 2806 meus
426 2741 460 2805 in
477 2751 588 2804 ventos
606 2740 657 2805 hic
675 2741 768 2805 timor
785 2742 886 2807 omnis
904 2753 964 2806 eat.

210 2850 276 2892 sors
294 2848 421 2910 quoque
438 2826 544 2891 nescio
563 2848 657 2910 quem
675 2827 741 2890 fato
759 2827 903 2912 designat
919 2827 1038 2911 iniquo,

252 2912 308 2997 qui
324 2912 444 2998 primus
461 2911 611 2976 Danaum
628 2912 756 2976 Troada
772 2923 883 2998 tangat
900 2912 1041 2976 humum.

209 2998 334 3074 infelix,
352 3019 435 3080 quae
452 2997 554 3081 prima
571 2997 673 3061 virum
689 2997 813 3082 lugebit
829 2998 1026 3083 ademptum!

252 3083 285 3147 di
302 3083 434 3159 faciant,
453 3105 493 3146 ne
511 3092 545 3146 tu
563 3094 709 3147 strenuus
727 3105 795 3147 esse
813 3083 906 3148 velisl

160 3187 192 3236 95
209 3170 292 3235 inter
308 3167 392 3232 mille
409 3178 492 3233 rates
510 3180 565 3232 tua
583 3168 623 3232 sit
639 3167 805 3232 millesima
821 3167 937 3254 puppis

251 3254 379 3337 iamque
398 3253 547 3339 fatigatas
565 3253 676 3317 ultima
693 3264 798 3317 verset
815 3275 924 3336 aquas.

209 3341 270 3405 hoc
287 3360 415 3422 quoque
432 3361 637 3423 praemoneo:
656 3338 695 3403 de
712 3361 794 3403 nave
812 3339 1001 3403 novissimus
1019 3341 1083 3417 exi3

252 3446 316 3488 non
334 3434 396 3500 est,
414 3445 477 3507 quo
495 3446 658 3509 properes,
676 3433 760 3489 terra
776 3436 908 3509 patema
925 3425 992 3489 tibi.

211 3533 285 3576 cum
301 3509 423 3585 venies,
442 3530 592 3592 remoque
610 3531 702 3573 move
720 3509 854 3592 veloque
872 3510 1021 3587 carinam,

145 3615 193 3663 100
251 3596 348 3678 inque
365 3606 420 3658 tuo
438 3594 572 3658 celerem
588 3594 680 3658 litore
698 3594 772 3659 siste
789 3594 938 3678 gradum!
956 3631 999 3642 -

211 3681 276 3745 sive
294 3681 371 3744 latet
387 3678 538 3743 Phoebus
556 3701 612 3743 seu
630 3679 719 3744 terris
738 3678 828 3743 altior
846 3691 957 3756 exstat,

252 3778 287 3829 tu
305 3764 382 3828 mihi
399 3764 469 3829 luce
487 3764 585 3841 dolor,
603 3776 639 3830 tu
656 3763 733 3828 mihi
749 3775 842 3828 nocte
860 3765 963 3829 venis:

210 3862 303 3915 nocte
320 3861 427 3915 tamen
445 3871 541 3932 quam
558 3850 629 3914 luce
647 3850 759 3934 magis.
802 3872 867 3913 nox
883 3862 975 3935 grata
992 3852 1116 3937 puellis,

253 3958 387 4019 quarum
405 3935 586 4019 subpositus
605 3936 684 3999 colla
701 3935 835 4000 lacertus
853 3935 959 4000 babet.

145 4041 192 4089 105
210 4042 350 4106 aucupor
366 4021 399 4084 in
417 4020 498 4085 lecto
515 4021 682 4085 mendaces
700 4021 819 4086 caelibe
837 4042 977 4086 somnos:

253 4107 330 4170 dum
348 4126 439 4170 careo
457 4105 553 4183 veris,
571 4106 689 4190 gaudia
706 4106 787 4170 falsa
804 4106 922 4170 iuvant.

211 4192 267 4256 sed
284 4203 340 4255 tua
357 4213 414 4255 eur
430 4191 521 4255 nobis
539 4192 661 4276 pallens
679 4191 813 4256 occurrit
830 4191 956 4290 imago?

253 4299 309 4341 cur
325 4277 413 4341 venit
429 4300 449 4340 a
466 4276 571 4340 verbis
588 4277 688 4341 multa
705 4276 845 4359 querella
862 4277 944 4341 turs?

211 4363 352 4428 excutior
369 4383 479 4426 somno
497 4362 726 4444 simulacraque
744 4360 844 4425 noctis
861 4362 972 4427 adoro:

145 4466 194 4516 110
253 4446 340 4512 nulla
357 4458 444 4513 caret
459 4447 548 4511 fumo
566 4446 727 4512 Thessalis
744 4469 799 4511 ara
816 4468 901 4512 meo:

210 4544 282 4600 tura
298 4532 425 4610 damus,
442 4532 667 4619 lacrimamque
683 4554 789 4621 super,
807 4553 870 4616 qua
887 4554 997 4621 sparsa
1013 4533 1133 4601 relucet
