2604 4974
414 281 619 340 HEROIDUM
634 283 672 338 X.
690 283 818 339 36-123.

149 408 207 474 scd
225 427 444 492 quaecumque
461 416 567 492 potest
584 407 648 471 ulla
665 407 774 472 relicta
790 404 866 493 pati.

105 503 278 560 occurrunt
295 492 400 557 animo
417 492 572 579 pereundi
589 492 674 558 mille
691 494 827 579 figurae:

148 600 298 664 morsque
315 578 420 643 minus
438 600 560 663 poenae
578 599 674 663 quam
692 601 781 643 mora
798 577 908 643 mortis
924 577 1031 644 habet.

103 667 172 731 iam
188 665 253 730 iam
269 675 420 730 venturos
437 674 493 729 aut
508 663 569 730 hac
586 676 642 730 aut
659 666 802 750 suspicor
817 664 900 741 illac,

149 751 206 836 qui
222 749 342 816 lanient
360 750 453 814 avido
470 750 593 816 viscera
610 751 718 827 dente,
736 751 838 835 lupos.

106 837 240 903 forsitan
258 847 290 902 et
306 837 413 901 fulvos
430 836 523 901 tellus
541 837 606 901 alat
621 836 682 901 ista
699 837 816 901 leones.

150 921 312 1007 quiescit,
331 945 372 986 an
389 921 468 987 haec
486 944 597 987 saevas
615 922 747 1007 tigridas
765 921 869 986 insula
886 920 1001 985 habet?

107 1022 139 1076 et
156 1009 241 1074 freta
256 1007 406 1074 dicuntur
423 1030 556 1094 magnas
575 1008 732 1093 expellere
749 1009 878 1094 phocas.

151 1094 223 1180 quis
240 1103 327 1160 vetat
344 1103 376 1159 et
392 1093 516 1180 gladios
533 1116 591 1178 per
608 1094 690 1158 latus
708 1094 754 1158 ire
771 1093 897 1159 meum?

107 1191 232 1246 tantum
249 1202 290 1245 ne
307 1179 423 1266 religer
440 1179 519 1244 dura
536 1179 663 1264 captiva
681 1190 802 1256 catena,

151 1288 233 1332 neve
250 1265 374 1330 traham
392 1287 484 1330 serva
500 1265 634 1350 grandia
650 1288 750 1351 pensa
766 1289 879 1342 manu,

108 1352 161 1418 cui
178 1361 268 1438 pater
285 1362 333 1416 est
349 1351 473 1428 Minos,
492 1351 542 1416 cui
561 1361 663 1416 mater
679 1351 745 1415 filia
761 1350 896 1427 Phoebi,

150 1436 301 1522 quodque
318 1436 421 1524 magis
439 1436 583 1513 memini,
601 1460 683 1521 quae
701 1437 759 1501 tibi
775 1448 870 1522 pacta
887 1435 948 1499 fuit

106 1523 135 1588 si
153 1546 255 1601 mare,
273 1523 300 1587 si
317 1533 417 1588 terras
434 1533 641 1609 porrectaque
658 1523 751 1587 litora
768 1523 844 1599 vidi,

150 1609 251 1673 multa
268 1607 347 1673 mihi
366 1619 484 1686 terrae,
501 1609 601 1673 multa
619 1608 779 1673 minantur
796 1629 908 1691 aquae.

107 1693 233 1760 caelum
249 1694 402 1759 restabat:
419 1693 516 1759 timeo
533 1695 700 1758 simulacra
717 1694 858 1758 deorum.

150 1780 305 1846 destituor
321 1803 357 1844 ra
379 1779 440 1844 idis
456 1779 575 1865 praeda
593 1779 745 1861 cibusque
762 1779 847 1845 feris.

107 1866 176 1932 sive
193 1866 301 1931 colunt
318 1803 525 1950 habitantque
542 1865 601 1929 viri
606 1909 615 1941 ‚
635 1865 808 1930 diffidimus
825 1865 899 1929 illis:

151 1964 297 2017 externos
315 1951 411 2015 didici
427 1952 513 2015 laesa
530 1951 641 2016 timere
657 1951 752 2017 viros.

107 2037 230 2104 viveret
247 2037 439 2122 Androgeos
456 2035 593 2113 utinam,
610 2057 670 2100 nec
687 2035 773 2101 facta
788 2036 901 2101 luisses

150 2123 249 2208 impia
265 2122 445 2199 funeribus,
464 2118 600 2206 Cecropi
617 2132 714 2198 terra,
733 2121 810 2185 tuis:

107 2230 168 2274 nec
185 2220 241 2273 tua
258 2218 427 2274 mactasset
442 2207 563 2272 nodoso
580 2207 701 2291 stipite,
720 2207 858 2284 Theseu,

151 2295 252 2358 ardua
268 2306 357 2379 parte
375 2293 477 2358 virum
495 2293 639 2370 dextera,
657 2305 747 2378 parte
765 2293 895 2358 bovem:

107 2402 168 2446 nec
185 2380 244 2455 tibi
262 2401 344 2464 quae
360 2379 481 2444 reditus
498 2389 722 2455 monstrarent,
740 2378 795 2443 fila
813 2378 980 2455 dedissem,

150 2466 205 2530 fila
221 2488 278 2551 per
295 2465 447 2531 adductas
465 2487 559 2549 saepe
576 2476 704 2550 recepta
722 2487 845 2528 manus.

107 2573 173 2616 non
190 2551 338 2635 equidem
354 2551 461 2627 miror,
479 2551 507 2614 si
523 2561 585 2614 stat
603 2550 734 2614 victoria
751 2562 867 2627 tecum,

151 2647 312 2720 strataque
331 2636 499 2704 Oretaeam
516 2635 610 2700 belua
627 2635 706 2700 texit
723 2636 869 2700 humum:

108 2745 172 2788 non
188 2732 334 2809 poterant
350 2721 407 2808 figi
423 2720 608 2807 praecordia
625 2721 729 2787 ferrea
746 2743 857 2785 cornu:

150 2820 188 2873 ut
205 2819 237 2873 te
254 2829 318 2872 non
336 2818 473 2892 tegeres,
491 2818 619 2890 pectore
636 2817 724 2871 tutus
743 2830 822 2871 cras.

107 2893 172 2958 illic
190 2904 225 2958 tu
243 2893 361 2970 silices,
377 2893 442 2957 illic
460 2893 630 2958 adamanta
647 2893 757 2970 tulisti,

150 2980 215 3044 illic
231 2980 287 3062 qui
303 2979 421 3056 silices,
439 2978 580 3056 Thesea,
598 2978 717 3055 vincat,
735 2979 845 3044 habes.

109 3065 252 3130 crudeles
270 3064 387 3142 somni,
405 3064 483 3148 quid
500 3087 552 3129 me
570 3064 715 3129 tenuistis
732 3065 884 3131 inertem?

126 3177 129 3185 ·
151 3151 237 3215 haud
255 3151 354 3215 semel
371 3163 500 3215 aeterna
516 3161 609 3216 nocte
626 3151 800 3235 premenda
815 3151 882 3215 sui?

108 3259 165 3301 vos
184 3257 310 3320 quoque
329 3236 487 3311 crudeles,
504 3237 605 3311 venti,
623 3236 820 3320 nimiumque
838 3237 950 3321 parati,

150 3322 341 3406 flaminaque
358 3321 391 3384 in
409 3322 554 3387 lacrimas
572 3321 715 3387 officiosa
731 3344 829 3387 meas.

107 3408 240 3472 dextera
258 3406 409 3483 crudelis,
429 3428 511 3490 quac
528 3430 580 3472 me
597 3407 791 3490 fratremque
807 3407 943 3485 necavit,

151 3504 183 3558 et
199 3493 275 3557 data
290 3492 448 3579 poscenti,
465 3514 580 3558 nomen
598 3493 707 3570 inane,
724 3493 814 3558 fides.

107 3579 210 3653 inme
227 3578 371 3644 iurarunt
388 3601 519 3643 somnus
537 3588 714 3661 ventusque
731 3579 888 3663 fidesque:

150 3665 276 3750 prodita
294 3686 364 3728 sum
382 3664 485 3728 causis
503 3687 568 3729 una
585 3665 691 3749 puella
709 3665 820 3729 tribus.

107 3772 185 3837 ergo
203 3772 263 3836 ego
281 3772 341 3815 nec
357 3750 504 3815 lacrimas
522 3751 630 3815 matris
647 3751 800 3815 moritura
817 3749 943 3828 videbo,

150 3858 210 3900 nec
227 3858 299 3900 mea
316 3835 370 3918 qui
390 3836 496 3922 digitis
513 3837 633 3901 lumina
651 3837 779 3914 condat,
798 3836 876 3901 erit?

107 3921 237 4006 spiritus
254 3921 365 3985 infelix
383 3922 565 4006 peregrinas
582 3922 641 3987 ibit
657 3922 690 3986 in
708 3944 811 3998 auras,

151 4028 211 4071 nec
228 4008 347 4092 positos
366 4018 453 4071 artus
470 4018 592 4094 unguet
610 4007 713 4073 amica
730 4008 862 4072 manus?
883 4034 885 4038 ·

108 4114 181 4160 ossa
199 4115 295 4178 super
313 4092 442 4161 stabunt
459 4094 604 4161 volucres
622 4093 789 4161 inhumata
803 4094 964 4163 marinaet

948 4195 985 4250 Q*

1086 264 1129 332 35

1147 423 1181 473 80
