2604 4974
195 685 239 753 64
529 697 564 758 P.
582 697 691 755 OVIDI
707 696 869 755 NASONIS

236 821 314 887 ‘iam
332 821 390 887 tibi
405 821 577 886 formosam
593 820 731 906 porriget
746 820 802 884 illa
817 842 956 885 manum.

194 907 326 973 forsitan
342 907 477 971 admotis
495 906 589 970 etiam
606 917 736 992 tangere
752 905 885 982 labellis,

235 1014 381 1078 rumpere
398 992 474 1056 dum
491 991 585 1056 niveo
601 991 728 1055 vincula
744 990 837 1056 dente
854 989 958 1056 volet'

193 1078 310 1143 talibus
327 1076 444 1164 exiguo
461 1076 552 1140 dictis
568 1076 646 1139 mihi
662 1099 821 1140 murmure
838 1075 953 1151 verbis,

144 1184 178 1233 ao
237 1173 362 1228 caetera
378 1184 450 1225 oum
468 1160 577 1224 charta
593 1160 704 1225 dextra
720 1162 825 1225 locuta
841 1183 913 1225 mea
929 1170 987 1224 est.

194 1258 227 1314 at
243 1256 362 1331 quanto
378 1247 518 1323 mallem,
536 1266 632 1329 quam
650 1246 812 1321 scriberet,
828 1245 884 1309 illa
899 1254 1023 1309 nataret

235 1353 349 1415 meque
366 1354 422 1417 per
439 1331 585 1394 adsuetam
602 1331 713 1394 sedula
728 1331 824 1395 ferret
841 1328 953 1412 aquasi

194 1417 297 1502 aptior
312 1416 367 1480 illa
383 1416 510 1498 quidem
527 1415 651 1500 placido
669 1415 744 1479 dare
761 1415 893 1480 verbera
910 1423 1021 1499 ponto:

237 1512 408 1568 esttamen
424 1513 456 1567 et
472 1523 582 1565 sensus
600 1512 674 1585 apta
690 1500 832 1565 mirristra
848 1499 920 1564 mei.

144 1608 177 1657 25
195 1588 328 1673 septima
343 1608 408 1650 nox
424 1586 539 1670 agitur,
556 1585 694 1671 spatium
709 1585 788 1648 mibi
803 1585 928 1669 longius
946 1605 1039 1660 anno,

236 1671 404 1737 sollicitum
419 1671 522 1734 raucis
539 1683 576 1735 ut
591 1692 678 1735 mare
695 1670 797 1735 fervet
812 1671 912 1754 aquis.

194 1757 243 1821 bis
261 1779 322 1842 ego
339 1757 367 1820 si
383 1756 449 1820 vidi
465 1756 655 1820 mulcentem
672 1767 801 1840 pectora
817 1777 963 1819 somnum

236 1841 396 1918 noctibus,
413 1841 516 1905 insani
532 1841 573 1904 sit
589 1861 677 1904 mora
693 1840 789 1924 longa
805 1840 887 1905 freti.

196 1949 273 2013 rupe
290 1927 403 1991 sedens
420 1926 526 2008 aliqua
543 1936 650 2010 specto
667 1936 723 1990 tua
739 1926 832 1989 litora
848 1925 955 2001 tristis,

146 2031 179 2081 30
239 2023 272 2076 et
288 2033 351 2095 quo
368 2033 432 2075 non
448 2031 578 2095 possum
596 2032 742 2095 corpore,
759 2022 864 2076 mente
880 2012 974 2075 feror.

194 2097 315 2161 lumina
332 2095 520 2179 quinetiam
537 2118 661 2160 summa
678 2096 840 2180 vigilantia
856 2107 941 2161 turre

237 2193 293 2246 aut
310 2181 397 2246 videt
413 2191 467 2244 aut
484 2180 567 2245 acies
584 2192 691 2244 nostra
708 2181 815 2244 videre
832 2191 932 2265 putat.

195 2278 244 2332 ter
259 2266 337 2330 mihi
354 2265 497 2351 deposita
514 2266 610 2329 estin
628 2265 712 2329 sicca
728 2266 823 2330 vestis
841 2265 969 2343 harena,

236 2362 285 2418 ter
301 2374 398 2437 grave
415 2351 567 2435 temptavi
584 2373 712 2434 carpere
728 2350 833 2414 nudus
850 2351 922 2415 iter:

146 2457 177 2504 to
195 2437 316 2503 obstitit
332 2435 464 2520 inceptis
481 2435 637 2499 tumidum
652 2434 851 2500 iuvenalibus
868 2457 996 2518 aequor,

236 2521 344 2586 mersit
361 2531 393 2585 et
409 2520 542 2586 inversis
560 2542 615 2584 ora
630 2521 768 2584 natantis
785 2521 885 2603 aquis.

195 2618 229 2672 at
244 2620 295 2682 tu,
312 2606 352 2670 de
368 2606 486 2691 rapidis
503 2605 786 2670 inmansuetissime
804 2607 915 2682 ventis,

237 2691 313 2775 quid
330 2713 454 2755 mecum
472 2702 557 2755 certa
573 2691 692 2776 proelia
709 2702 812 2756 mente
829 2691 931 2777 geris?

194 2777 228 2842 in
245 2799 310 2853 me,
329 2777 356 2840 si
372 2776 489 2852 nescis,
507 2776 625 2853 Borea,
643 2798 707 2840 non
724 2797 862 2859 aequora
879 2776 990 2841 saevis.

145 2883 178 2931 to
237 2862 314 2945 quid
331 2861 466 2937 faceres,
484 2872 567 2925 esset
583 2861 615 2925 ni
633 2861 690 2925 tibi
707 2873 799 2925 notus
818 2862 924 2924 amor?

195 2958 259 3011 tam
277 2947 400 3032 gelidus
418 2968 514 3029 quom
532 2946 589 3023 sis,
606 2968 670 3010 non
687 2957 718 3010 te
736 2957 856 3024 tamen,
873 2945 1025 3032 improbe,
1043 2946 1203 3028 quondam

236 3032 363 3118 ignibus
381 3031 510 3095 Actaeis
526 3031 693 3096 incaluisse
711 3054 819 3116 negas.

194 3118 311 3203 gaudia
328 3127 456 3201 rapturo
473 3115 570 3198 siquis
587 3117 645 3180 tibi
663 3117 808 3181 claudere
826 3116 920 3182 vellet

236 3203 336 3266 aerios
353 3201 471 3275 aditus,
489 3223 552 3284 quo
568 3214 710 3286 paterere
727 3201 840 3265 modo?

144 3307 177 3355 45
195 3309 303 3371 parce,
320 3308 441 3370 precor,
458 3285 646 3369 facilemque
663 3309 756 3352 move
772 3286 963 3351 moderatius
981 3303 1105 3349 auram:

235 3371 368 3455 imperet
385 3370 584 3455 Hippotades
600 3371 646 3434 sio
663 3371 720 3436 tibi
737 3371 824 3436 triste
840 3371 928 3435 nibil.

195 3478 277 3519 vana
293 3467 377 3540 pet0,
394 3456 604 3540 precibusque
620 3455 698 3519 meis
716 3457 933 3520 obmurmurat
949 3456 1026 3539 ipse,

235 3561 377 3623 quasque
395 3541 509 3622 quatit,
526 3541 614 3604 nulla
630 3550 718 3625 parte
737 3551 859 3606 coercet
876 3562 984 3623 aquas.

194 3646 278 3688 nunc
295 3624 384 3689 daret
401 3624 536 3688 audaces
553 3625 674 3689 utinam
689 3625 766 3689 mihi
783 3625 946 3691 Daedalus
964 3623 1043 3688 alas!

144 3730 177 3777 50
236 3709 372 3774 Icarium
391 3711 534 3792 quamvis
551 3710 602 3774 hic
619 3732 716 3797 prope
733 3712 807 3775 litus
825 3712 923 3776 adest

194 3794 347 3877 quidquid
365 3795 435 3872 erit,
453 3795 564 3878 patiar,
581 3796 674 3860 liceat
691 3798 785 3861 modo
803 3818 916 3881 corpus
933 3795 966 3858 in
984 3817 1077 3858 auras

235 3879 357 3955 tollere,
375 3880 460 3963 quod
478 3880 574 3944 dubia
591 3903 685 3966 saepe
702 3881 852 3967 pependit
868 3903 960 3963 aqua

192 3964 325 4040 interea,
344 3965 419 4028 dum
437 3977 550 4029 cuncta
566 3978 685 4050 negant
701 3967 848 4050 ventique
865 3966 1054 4049 fretumque,

235 4060 339 4114 mente
357 4049 442 4134 agito
459 4049 534 4113 furti
552 4062 693 4134 tempora
711 4053 811 4136 prima
827 4051 899 4116 mei.

143 4153 175 4200 55
193 4155 257 4197 nox
274 4147 339 4198 erat
356 4134 518 4219 incipiens,
534 4170 578 4180 —-
591 4157 727 4218 namque
745 4147 792 4200 est
809 4135 986 4201 meminisse
1004 4135 1149 4220 voluptas
1161 4165 1199 4181 ·-

236 4240 308 4282 oum
325 4218 445 4284 foribus
462 4219 570 4303 patriis
588 4220 773 4303 egrediebar
789 4243 908 4286 amans.

193 4325 253 4369 nec
269 4325 371 4380 mora,
389 4304 529 4389 deposito
548 4304 663 4388 pariter
680 4327 752 4369 oum
770 4316 856 4370 veste
873 4306 983 4369 timore

235 4387 391 4453 lactabam
407 4389 527 4472 liquido
544 4389 692 4454 bracchia
708 4391 793 4455 lenta
810 4390 899 4454 mari.

193 4471 269 4539 luna
284 4472 351 4538 fere
368 4475 536 4539 tremulum
553 4474 725 4560 praebebat
741 4477 847 4542 lumen
865 4475 961 4553 eunti,
