<?xml version="1.0" encoding="UTF-8"?>
<!DOCTYPE html PUBLIC "-//W3C//DTD XHTML 1.0 Transitional//EN"
    "http://www.w3.org/TR/xhtml1/DTD/xhtml1-transitional.dtd">
<html xmlns="http://www.w3.org/1999/xhtml" xml:lang="en" lang="en">
 <head>
  <title>
</title>
<meta http-equiv="Content-Type" content="text/html;charset=utf-8" />
  <meta name='ocr-system' content='tesseract 3.04.00' />
  <meta name='ocr-capabilities' content='ocr_page ocr_carea ocr_par ocr_line ocrx_word'/>
</head>
<body>
  <div class='ocr_page' id='page_1' title='image "./carmina04ovidgoog_0221.png"; bbox 0 0 2604 4974; ppageno 0'>
   <div class='ocr_carea' id='block_1_1' title="bbox 235 738 915 813">
    <p class='ocr_par' dir='ltr' id='par_1_1' title="bbox 235 738 915 813">
     <span class='ocr_line' id='line_1_1' title="bbox 235 738 915 813; baseline 0.009 -9"><span class='ocrx_word' id='word_1_1' title='bbox 235 738 297 805; x_wconf 83' lang='grc'>198</span> <span class='ocrx_word' id='word_1_2' title='bbox 572 754 606 810; x_wconf 91' lang='grc' dir='ltr'>Ρ.</span> <span class='ocrx_word' id='word_1_3' title='bbox 624 754 734 813; x_wconf 82' lang='lat' dir='ltr'>OVIDl</span> <span class='ocrx_word' id='word_1_4' title='bbox 751 754 915 811; x_wconf 79' lang='lat' dir='ltr'>NASONIS</span> 
     </span>
    </p>
   </div>
   <div class='ocr_carea' id='block_1_2' title="bbox 164 876 1173 4475">
    <p class='ocr_par' dir='ltr' id='par_1_2' title="bbox 164 876 1173 4475">
     <span class='ocr_line' id='line_1_2' title="bbox 182 876 951 964; baseline 0.003 -23"><span class='ocrx_word' id='word_1_5' title='bbox 182 900 217 950; x_wconf 79' lang='lat'>80</span> <span class='ocrx_word' id='word_1_6' title='bbox 276 876 304 941; x_wconf 92' lang='lat' dir='ltr'>si</span> <span class='ocrx_word' id='word_1_7' title='bbox 320 876 422 964; x_wconf 84' lang='lat' dir='ltr'>piget,</span> <span class='ocrx_word' id='word_1_8' title='bbox 440 877 473 942; x_wconf 93' lang='lat' dir='ltr'>in</span> <span class='ocrx_word' id='word_1_9' title='bbox 490 878 592 963; x_wconf 91' lang='lat' dir='ltr'>primo</span> <span class='ocrx_word' id='word_1_10' title='bbox 608 879 717 944; x_wconf 89' lang='lat' dir='ltr'>limine</span> <span class='ocrx_word' id='word_1_11' title='bbox 735 879 809 944; x_wconf 84' lang='lat' dir='ltr'>siste</span> <span class='ocrx_word' id='word_1_12' title='bbox 826 877 951 964; x_wconf 91' lang='lat' dir='ltr'>pedem.</span> 
     </span>
     <span class='ocr_line' id='line_1_3' title="bbox 233 963 1173 1049; baseline 0.003 -21"><span class='ocrx_word' id='word_1_13' title='bbox 233 964 390 1049; x_wconf 90' lang='lat' dir='ltr'>opprime,</span> <span class='ocrx_word' id='word_1_14' title='bbox 408 963 484 1028; x_wconf 91' lang='lat' dir='ltr'>dum</span> <span class='ocrx_word' id='word_1_15' title='bbox 501 986 585 1028; x_wconf 87' lang='lat' dir='ltr'>nova</span> <span class='ocrx_word' id='word_1_16' title='bbox 602 975 689 1041; x_wconf 91' lang='lat' dir='ltr'>sunt,</span> <span class='ocrx_word' id='word_1_17' title='bbox 707 964 803 1029; x_wconf 89' lang='lat' dir='ltr'>subiti</span> <span class='ocrx_word' id='word_1_18' title='bbox 820 965 905 1028; x_wconf 87' lang='lat' dir='ltr'>mala</span> <span class='ocrx_word' id='word_1_19' title='bbox 923 965 1043 1030; x_wconf 86' lang='lat' dir='ltr'>semina</span> <span class='ocrx_word' id='word_1_20' title='bbox 1059 966 1173 1043; x_wconf 87' lang='lat' dir='ltr'><strong>morbi,</strong></span> 
     </span>
     <span class='ocr_line' id='line_1_4' title="bbox 275 1049 900 1135; baseline 0.002 -22"><span class='ocrx_word' id='word_1_21' title='bbox 275 1059 308 1113; x_wconf 89' lang='lat' dir='ltr'>et</span> <span class='ocrx_word' id='word_1_22' title='bbox 323 1062 397 1114; x_wconf 92' lang='lat' dir='ltr'>tuus</span> <span class='ocrx_word' id='word_1_23' title='bbox 414 1049 567 1135; x_wconf 81' lang='lat' dir='ltr'>incipiens</span> <span class='ocrx_word' id='word_1_24' title='bbox 584 1050 631 1115; x_wconf 90' lang='lat' dir='ltr'>ire</span> <span class='ocrx_word' id='word_1_25' title='bbox 648 1050 773 1115; x_wconf 78' lang='lat' dir='ltr'>resistat</span> <span class='ocrx_word' id='word_1_26' title='bbox 789 1072 900 1134; x_wconf 90' lang='lat' dir='ltr'>equus.</span> 
     </span>
     <span class='ocr_line' id='line_1_5' title="bbox 231 1135 1154 1221; baseline 0.001 -21"><span class='ocrx_word' id='word_1_27' title='bbox 231 1157 307 1200; x_wconf 89' lang='lat' dir='ltr'>narn</span> <span class='ocrx_word' id='word_1_28' title='bbox 323 1156 413 1198; x_wconf 87' lang='lat' dir='ltr'>mora</span> <span class='ocrx_word' id='word_1_29' title='bbox 429 1135 485 1199; x_wconf 86' lang='lat' dir='ltr'>dat</span> <span class='ocrx_word' id='word_1_30' title='bbox 501 1135 593 1200; x_wconf 88' lang='lat' dir='ltr'>vires.</span> <span class='ocrx_word' id='word_1_31' title='bbox 637 1146 761 1200; x_wconf 89' lang='lat' dir='ltr'>teneras</span> <span class='ocrx_word' id='word_1_32' title='bbox 779 1157 868 1200; x_wconf 85' lang='lat' dir='ltr'>mora</span> <span class='ocrx_word' id='word_1_33' title='bbox 884 1136 1047 1221; x_wconf 75' lang='lat' dir='ltr'>percoquit</span> <span class='ocrx_word' id='word_1_34' title='bbox 1064 1159 1154 1212; x_wconf 81' lang='lat' dir='ltr'>uvas,</span> 
     </span>
     <span class='ocr_line' id='line_1_6' title="bbox 273 1220 1014 1306; baseline 0 -20"><span class='ocrx_word' id='word_1_35' title='bbox 273 1231 306 1286; x_wconf 90' lang='lat' dir='ltr'>et</span> <span class='ocrx_word' id='word_1_36' title='bbox 322 1220 444 1285; x_wconf 84' lang='lat' dir='ltr'>validas</span> <span class='ocrx_word' id='word_1_37' title='bbox 462 1232 601 1306; x_wconf 83' lang='lat' dir='ltr'>segetes,</span> <span class='ocrx_word' id='word_1_38' title='bbox 619 1242 702 1303; x_wconf 84' lang='lat' dir='ltr'>quae</span> <span class='ocrx_word' id='word_1_39' title='bbox 719 1221 780 1285; x_wconf 90' lang='lat' dir='ltr'>fuit</span> <span class='ocrx_word' id='word_1_40' title='bbox 797 1221 911 1296; x_wconf 90' lang='lat' dir='ltr'>herba,</span> <span class='ocrx_word' id='word_1_41' title='bbox 928 1222 1014 1286; x_wconf 84' lang='lat' dir='ltr'>facit.</span> 
     </span>
     <span class='ocr_line' id='line_1_7' title="bbox 180 1306 1052 1393; baseline -0.003 -18"><span class='ocrx_word' id='word_1_42' title='bbox 180 1327 214 1377; x_wconf 82' lang='lat'>85</span> <span class='ocrx_word' id='word_1_43' title='bbox 231 1326 313 1389; x_wconf 84' lang='lat' dir='ltr'>quae</span> <span class='ocrx_word' id='word_1_44' title='bbox 329 1306 461 1391; x_wconf 75' lang='lat' dir='ltr'>praebet</span> <span class='ocrx_word' id='word_1_45' title='bbox 477 1306 558 1372; x_wconf 88' lang='lat' dir='ltr'>latas</span> <span class='ocrx_word' id='word_1_46' title='bbox 575 1307 670 1371; x_wconf 88' lang='lat' dir='ltr'>arbor</span> <span class='ocrx_word' id='word_1_47' title='bbox 687 1307 895 1393; x_wconf 86' lang='lat' dir='ltr'>spatiantibus</span> <span class='ocrx_word' id='word_1_48' title='bbox 913 1307 1052 1384; x_wconf 87' lang='lat' dir='ltr'>umbras,</span> 
     </span>
     <span class='ocr_line' id='line_1_8' title="bbox 273 1392 1049 1478; baseline 0.001 -23"><span class='ocrx_word' id='word_1_49' title='bbox 273 1412 337 1475; x_wconf 94' lang='lat' dir='ltr'>quo</span> <span class='ocrx_word' id='word_1_50' title='bbox 354 1393 459 1478; x_wconf 86' lang='lat' dir='ltr'>posita</span> <span class='ocrx_word' id='word_1_51' title='bbox 475 1406 523 1457; x_wconf 91' lang='lat' dir='ltr'>est</span> <span class='ocrx_word' id='word_1_52' title='bbox 540 1392 680 1476; x_wconf 88' lang='lat' dir='ltr'>primum</span> <span class='ocrx_word' id='word_1_53' title='bbox 696 1404 853 1478; x_wconf 88' lang='lat' dir='ltr'>tempore,</span> <span class='ocrx_word' id='word_1_54' title='bbox 872 1393 963 1478; x_wconf 86' lang='lat' dir='ltr'>virga</span> <span class='ocrx_word' id='word_1_55' title='bbox 979 1393 1049 1457; x_wconf 89' lang='lat' dir='ltr'>fuit.</span> 
     </span>
     <span class='ocr_line' id='line_1_9' title="bbox 230 1477 1014 1563; baseline 0.001 -22"><span class='ocrx_word' id='word_1_56' title='bbox 230 1486 298 1541; x_wconf 91' lang='lat' dir='ltr'>tum</span> <span class='ocrx_word' id='word_1_57' title='bbox 315 1489 440 1563; x_wconf 90' lang='lat' dir='ltr'>poterat</span> <span class='ocrx_word' id='word_1_58' title='bbox 456 1477 603 1541; x_wconf 90' lang='lat' dir='ltr'>manibus</span> <span class='ocrx_word' id='word_1_59' title='bbox 621 1501 746 1542; x_wconf 90' lang='lat' dir='ltr'>summa</span> <span class='ocrx_word' id='word_1_60' title='bbox 762 1479 874 1543; x_wconf 91' lang='lat' dir='ltr'>tellure</span> <span class='ocrx_word' id='word_1_61' title='bbox 891 1479 1014 1544; x_wconf 87' lang='lat' dir='ltr'>revelli:</span> 
     </span>
     <span class='ocr_line' id='line_1_10' title="bbox 273 1563 1003 1629; baseline 0.001 -3"><span class='ocrx_word' id='word_1_62' title='bbox 273 1586 358 1629; x_wconf 92' lang='lat' dir='ltr'>nunc</span> <span class='ocrx_word' id='word_1_63' title='bbox 374 1574 438 1628; x_wconf 89' lang='lat' dir='ltr'>stat</span> <span class='ocrx_word' id='word_1_64' title='bbox 454 1563 488 1627; x_wconf 91' lang='lat' dir='ltr'>in</span> <span class='ocrx_word' id='word_1_65' title='bbox 504 1563 683 1628; x_wconf 91' lang='lat' dir='ltr'>inmensum</span> <span class='ocrx_word' id='word_1_66' title='bbox 701 1563 821 1628; x_wconf 89' lang='lat' dir='ltr'>viribus</span> <span class='ocrx_word' id='word_1_67' title='bbox 839 1576 910 1629; x_wconf 86' lang='lat' dir='ltr'>acta</span> <span class='ocrx_word' id='word_1_68' title='bbox 927 1564 1003 1628; x_wconf 91' lang='lat' dir='ltr'>suis.</span> 
     </span>
     <span class='ocr_line' id='line_1_11' title="bbox 230 1648 1142 1734; baseline 0.002 -21"><span class='ocrx_word' id='word_1_69' title='bbox 230 1649 325 1733; x_wconf 86' lang='lat' dir='ltr'>quale</span> <span class='ocrx_word' id='word_1_70' title='bbox 343 1648 383 1713; x_wconf 88' lang='lat' dir='ltr'>sit</span> <span class='ocrx_word' id='word_1_71' title='bbox 400 1648 448 1725; x_wconf 91' lang='lat' dir='ltr'>id,</span> <span class='ocrx_word' id='word_1_72' title='bbox 466 1649 553 1732; x_wconf 90' lang='lat' dir='ltr'>quod</span> <span class='ocrx_word' id='word_1_73' title='bbox 571 1671 673 1725; x_wconf 88' lang='lat' dir='ltr'>amas,</span> <span class='ocrx_word' id='word_1_74' title='bbox 691 1651 785 1714; x_wconf 90' lang='lat' dir='ltr'>celeri</span> <span class='ocrx_word' id='word_1_75' title='bbox 803 1650 1009 1734; x_wconf 89' lang='lat' dir='ltr'>circumspice</span> <span class='ocrx_word' id='word_1_76' title='bbox 1026 1661 1142 1725; x_wconf 86' lang='lat' dir='ltr'>mente,</span> 
     </span>
     <span class='ocr_line' id='line_1_12' title="bbox 181 1735 886 1821; baseline -0.009 -16"><span class='ocrx_word' id='word_1_77' title='bbox 181 1755 214 1805; x_wconf 76' lang='lat'>90</span> <span class='ocrx_word' id='word_1_78' title='bbox 274 1745 306 1800; x_wconf 85' lang='lat' dir='ltr'>et</span> <span class='ocrx_word' id='word_1_79' title='bbox 322 1745 378 1799; x_wconf 88' lang='lat' dir='ltr'>tua</span> <span class='ocrx_word' id='word_1_80' title='bbox 394 1735 518 1800; x_wconf 84' lang='lat' dir='ltr'>laesuro</span> <span class='ocrx_word' id='word_1_81' title='bbox 534 1735 685 1800; x_wconf 83' lang='lat' dir='ltr'>subtrahe</span> <span class='ocrx_word' id='word_1_82' title='bbox 702 1735 784 1800; x_wconf 87' lang='lat' dir='ltr'>colla</span> <span class='ocrx_word' id='word_1_83' title='bbox 800 1736 886 1821; x_wconf 88' lang='lat' dir='ltr'>iugo.</span> 
     </span>
     <span class='ocr_line' id='line_1_13' title="bbox 230 1819 955 1906; baseline 0.001 -22"><span class='ocrx_word' id='word_1_84' title='bbox 230 1819 392 1905; x_wconf 89' lang='lat' dir='ltr'>principiis</span> <span class='ocrx_word' id='word_1_85' title='bbox 409 1820 510 1884; x_wconf 88' lang='lat' dir='ltr'>obsta.</span> <span class='ocrx_word' id='word_1_86' title='bbox 554 1842 624 1885; x_wconf 92' lang='lat' dir='ltr'>sero</span> <span class='ocrx_word' id='word_1_87' title='bbox 643 1821 799 1885; x_wconf 91' lang='lat' dir='ltr'>medicina</span> <span class='ocrx_word' id='word_1_88' title='bbox 816 1831 955 1906; x_wconf 87' lang='lat' dir='ltr'>paratur,</span> 
     </span>
     <span class='ocr_line' id='line_1_14' title="bbox 273 1907 987 1991; baseline 0 -21"><span class='ocrx_word' id='word_1_89' title='bbox 273 1928 346 1970; x_wconf 89' lang='lat' dir='ltr'>cum</span> <span class='ocrx_word' id='word_1_90' title='bbox 364 1907 448 1970; x_wconf 85' lang='lat' dir='ltr'>mala</span> <span class='ocrx_word' id='word_1_91' title='bbox 464 1928 521 1991; x_wconf 90' lang='lat' dir='ltr'>per</span> <span class='ocrx_word' id='word_1_92' title='bbox 537 1907 650 1991; x_wconf 86' lang='lat' dir='ltr'>longas</span> <span class='ocrx_word' id='word_1_93' title='bbox 667 1907 856 1970; x_wconf 86' lang='lat' dir='ltr'>convaluere</span> <span class='ocrx_word' id='word_1_94' title='bbox 872 1927 987 1970; x_wconf 84' lang='lat' dir='ltr'>moras.</span> 
     </span>
     <span class='ocr_line' id='line_1_15' title="bbox 231 1989 1028 2077; baseline 0 -22"><span class='ocrx_word' id='word_1_95' title='bbox 231 1989 287 2055; x_wconf 91' lang='lat' dir='ltr'>sed</span> <span class='ocrx_word' id='word_1_96' title='bbox 303 2013 452 2077; x_wconf 91' lang='lat' dir='ltr'>propera,</span> <span class='ocrx_word' id='word_1_97' title='bbox 469 2013 528 2056; x_wconf 89' lang='lat' dir='ltr'>nec</span> <span class='ocrx_word' id='word_1_98' title='bbox 545 2002 576 2056; x_wconf 92' lang='lat' dir='ltr'>te</span> <span class='ocrx_word' id='word_1_99' title='bbox 593 2002 742 2057; x_wconf 83' lang='lat' dir='ltr'>venturas</span> <span class='ocrx_word' id='word_1_100' title='bbox 762 1992 854 2057; x_wconf 90' lang='lat' dir='ltr'>differ</span> <span class='ocrx_word' id='word_1_101' title='bbox 870 1993 903 2056; x_wconf 92' lang='lat' dir='ltr'>in</span> <span class='ocrx_word' id='word_1_102' title='bbox 920 1992 1028 2056; x_wconf 89' lang='lat' dir='ltr'>boras:</span> 
     </span>
     <span class='ocr_line' id='line_1_16' title="bbox 273 2076 1122 2163; baseline 0.001 -24"><span class='ocrx_word' id='word_1_103' title='bbox 273 2077 329 2159; x_wconf 93' lang='lat' dir='ltr'>qui</span> <span class='ocrx_word' id='word_1_104' title='bbox 345 2099 410 2142; x_wconf 90' lang='lat' dir='ltr'>non</span> <span class='ocrx_word' id='word_1_105' title='bbox 428 2088 476 2143; x_wconf 89' lang='lat' dir='ltr'>est</span> <span class='ocrx_word' id='word_1_106' title='bbox 492 2076 601 2153; x_wconf 89' lang='lat' dir='ltr'>hodie,</span> <span class='ocrx_word' id='word_1_107' title='bbox 620 2099 689 2142; x_wconf 86' lang='lat' dir='ltr'>cras</span> <span class='ocrx_word' id='word_1_108' title='bbox 706 2078 811 2142; x_wconf 91' lang='lat' dir='ltr'>minus</span> <span class='ocrx_word' id='word_1_109' title='bbox 829 2088 921 2163; x_wconf 88' lang='lat' dir='ltr'>aptus</span> <span class='ocrx_word' id='word_1_110' title='bbox 940 2077 1008 2143; x_wconf 86' lang='lat' dir='ltr'>erit.</span> <span class='ocrx_word' id='word_1_111' title='bbox 1118 2076 1122 2081; x_wconf 80' lang='grc'><strong>’</strong></span> 
     </span>
     <span class='ocr_line' id='line_1_17' title="bbox 180 2162 1168 2248; baseline 0.002 -22"><span class='ocrx_word' id='word_1_112' title='bbox 180 2184 213 2233; x_wconf 82' lang='lat'>95</span> <span class='ocrx_word' id='word_1_113' title='bbox 230 2162 328 2226; x_wconf 86' lang='lat' dir='ltr'>verba</span> <span class='ocrx_word' id='word_1_114' title='bbox 345 2163 400 2227; x_wconf 85' lang='lat' dir='ltr'>dat</span> <span class='ocrx_word' id='word_1_115' title='bbox 416 2163 518 2226; x_wconf 89' lang='lat' dir='ltr'>omnis</span> <span class='ocrx_word' id='word_1_116' title='bbox 535 2184 624 2227; x_wconf 89' lang='lat' dir='ltr'>amor</span> <span class='ocrx_word' id='word_1_117' title='bbox 640 2164 818 2248; x_wconf 89' lang='lat' dir='ltr'>reperitque</span> <span class='ocrx_word' id='word_1_118' title='bbox 836 2164 985 2228; x_wconf 88' lang='lat' dir='ltr'>alimenta</span> <span class='ocrx_word' id='word_1_119' title='bbox 1001 2163 1168 2228; x_wconf 86' lang='lat' dir='ltr'>morando:</span> 
     </span>
     <span class='ocr_line' id='line_1_18' title="bbox 273 2248 983 2333; baseline 0.001 -22"><span class='ocrx_word' id='word_1_120' title='bbox 273 2248 392 2333; x_wconf 90' lang='lat' dir='ltr'>optima</span> <span class='ocrx_word' id='word_1_121' title='bbox 408 2248 565 2313; x_wconf 88' lang='lat' dir='ltr'>vindictae</span> <span class='ocrx_word' id='word_1_122' title='bbox 582 2249 727 2333; x_wconf 88' lang='lat' dir='ltr'>proxima</span> <span class='ocrx_word' id='word_1_123' title='bbox 744 2270 888 2332; x_wconf 91' lang='lat' dir='ltr'>quaeque</span> <span class='ocrx_word' id='word_1_124' title='bbox 906 2250 983 2313; x_wconf 90' lang='lat' dir='ltr'>dies.</span> 
     </span>
     <span class='ocr_line' id='line_1_19' title="bbox 230 2333 1041 2420; baseline 0.002 -24"><span class='ocrx_word' id='word_1_125' title='bbox 230 2333 360 2398; x_wconf 86' lang='lat' dir='ltr'>flumina</span> <span class='ocrx_word' id='word_1_126' title='bbox 377 2356 480 2419; x_wconf 89' lang='lat' dir='ltr'>pauca</span> <span class='ocrx_word' id='word_1_127' title='bbox 496 2334 585 2398; x_wconf 88' lang='lat' dir='ltr'>vides</span> <span class='ocrx_word' id='word_1_128' title='bbox 602 2334 642 2399; x_wconf 93' lang='lat' dir='ltr'>de</span> <span class='ocrx_word' id='word_1_129' title='bbox 659 2335 784 2420; x_wconf 81' lang='lat' dir='ltr'>magnis</span> <span class='ocrx_word' id='word_1_130' title='bbox 802 2335 942 2399; x_wconf 88' lang='lat' dir='ltr'>fontibus</span> <span class='ocrx_word' id='word_1_131' title='bbox 960 2344 1041 2398; x_wconf 86' lang='lat' dir='ltr'>orta:</span> 
     </span>
     <span class='ocr_line' id='line_1_20' title="bbox 273 2419 948 2505; baseline 0.001 -23"><span class='ocrx_word' id='word_1_132' title='bbox 273 2419 409 2504; x_wconf 90' lang='lat' dir='ltr'>plurima</span> <span class='ocrx_word' id='word_1_133' title='bbox 426 2420 564 2485; x_wconf 78' lang='lat' dir='ltr'>collectis</span> <span class='ocrx_word' id='word_1_134' title='bbox 581 2420 830 2505; x_wconf 82' lang='lat' dir='ltr'>multiplicantur</span> <span class='ocrx_word' id='word_1_135' title='bbox 847 2421 948 2504; x_wconf 85' lang='lat' dir='ltr'>aquis.</span> 
     </span>
     <span class='ocr_line' id='line_1_21' title="bbox 230 2505 996 2591; baseline 0.003 -23"><span class='ocrx_word' id='word_1_136' title='bbox 230 2505 257 2568; x_wconf 89' lang='lat' dir='ltr'>si</span> <span class='ocrx_word' id='word_1_137' title='bbox 275 2506 337 2569; x_wconf 86' lang='lat' dir='ltr'>cito</span> <span class='ocrx_word' id='word_1_138' title='bbox 354 2505 520 2581; x_wconf 87' lang='lat' dir='ltr'>sensisses,</span> <span class='ocrx_word' id='word_1_139' title='bbox 538 2516 692 2588; x_wconf 89' lang='lat' dir='ltr'>quantum</span> <span class='ocrx_word' id='word_1_140' title='bbox 709 2528 840 2591; x_wconf 86' lang='lat' dir='ltr'>peccare</span> <span class='ocrx_word' id='word_1_141' title='bbox 880 2528 996 2582; x_wconf 89' lang='lat' dir='ltr'>arares,</span> 
     </span>
     <span class='ocr_line' id='line_1_22' title="bbox 164 2530 1015 2677; baseline 0 -23"><span class='ocrx_word' id='word_1_142' title='bbox 164 2613 213 2662; x_wconf 84' lang='lat' dir='ltr'>loo</span> <span class='ocrx_word' id='word_1_143' title='bbox 273 2612 337 2655; x_wconf 92' lang='lat' dir='ltr'>non</span> <span class='ocrx_word' id='word_1_144' title='bbox 353 2601 477 2677; x_wconf 88' lang='lat' dir='ltr'>tegeres</span> <span class='ocrx_word' id='word_1_145' title='bbox 494 2591 600 2656; x_wconf 84' lang='lat' dir='ltr'>vultus</span> <span class='ocrx_word' id='word_1_146' title='bbox 618 2590 749 2668; x_wconf 89' lang='lat' dir='ltr'>cortice,</span> <span class='ocrx_word' id='word_1_147' title='bbox 767 2530 916 2676; x_wconf 75' lang='lat' dir='ltr'>Myrrba,</span> <span class='ocrx_word' id='word_1_148' title='bbox 934 2602 1015 2655; x_wconf 90' lang='lat' dir='ltr'>tuos.</span> 
     </span>
     <span class='ocr_line' id='line_1_23' title="bbox 230 2676 1038 2762; baseline -0.001 -21"><span class='ocrx_word' id='word_1_149' title='bbox 230 2676 295 2741; x_wconf 86' lang='lat' dir='ltr'>vidi</span> <span class='ocrx_word' id='word_1_150' title='bbox 313 2698 388 2762; x_wconf 86' lang='lat' dir='ltr'>ego,</span> <span class='ocrx_word' id='word_1_151' title='bbox 406 2676 492 2761; x_wconf 91' lang='lat' dir='ltr'>quod</span> <span class='ocrx_word' id='word_1_152' title='bbox 509 2676 613 2741; x_wconf 82' lang='lat' dir='ltr'>fuerat</span> <span class='ocrx_word' id='word_1_153' title='bbox 629 2678 731 2762; x_wconf 89' lang='lat' dir='ltr'>primo</span> <span class='ocrx_word' id='word_1_154' title='bbox 749 2677 904 2754; x_wconf 85' lang='lat' dir='ltr'>sanabile,</span> <span class='ocrx_word' id='word_1_155' title='bbox 922 2678 1038 2741; x_wconf 89' lang='lat' dir='ltr'>vulnus</span> 
     </span>
     <span class='ocr_line' id='line_1_24' title="bbox 273 2762 928 2848; baseline -0.002 -22"><span class='ocrx_word' id='word_1_156' title='bbox 273 2763 404 2827; x_wconf 89' lang='lat' dir='ltr'>dilatum</span> <span class='ocrx_word' id='word_1_157' title='bbox 421 2763 536 2848; x_wconf 87' lang='lat' dir='ltr'>longae</span> <span class='ocrx_word' id='word_1_158' title='bbox 553 2762 669 2827; x_wconf 84' lang='lat' dir='ltr'>damna</span> <span class='ocrx_word' id='word_1_159' title='bbox 687 2763 795 2828; x_wconf 89' lang='lat' dir='ltr'>tulisse</span> <span class='ocrx_word' id='word_1_160' title='bbox 812 2785 928 2828; x_wconf 87' lang='lat' dir='ltr'>morae.</span> 
     </span>
     <span class='ocr_line' id='line_1_25' title="bbox 230 2848 1034 2933; baseline 0 -21"><span class='ocrx_word' id='word_1_161' title='bbox 230 2848 287 2912; x_wconf 90' lang='lat' dir='ltr'>sed</span> <span class='ocrx_word' id='word_1_162' title='bbox 304 2849 379 2931; x_wconf 87' lang='lat' dir='ltr'>quia</span> <span class='ocrx_word' id='word_1_163' title='bbox 395 2849 530 2914; x_wconf 89' lang='lat' dir='ltr'>delectat</span> <span class='ocrx_word' id='word_1_164' title='bbox 547 2848 682 2914; x_wconf 87' lang='lat' dir='ltr'>Veneris</span> <span class='ocrx_word' id='word_1_165' title='bbox 700 2849 868 2933; x_wconf 89' lang='lat' dir='ltr'>decerpere</span> <span class='ocrx_word' id='word_1_166' title='bbox 885 2848 1034 2925; x_wconf 85' lang='lat' dir='ltr'>fructum,</span> 
     </span>
     <span class='ocr_line' id='line_1_26' title="bbox 273 2933 998 3018; baseline 0 -21"><span class='ocrx_word' id='word_1_167' title='bbox 273 2933 407 2999; x_wconf 87' lang='lat' dir='ltr'>dicimus</span> <span class='ocrx_word' id='word_1_168' title='bbox 424 2934 556 2998; x_wconf 87' lang='lat' dir='ltr'>adsidue</span> <span class='ocrx_word' id='word_1_169' title='bbox 574 2941 659 2999; x_wconf 91' lang='lat' dir='ltr'>‘cras</span> <span class='ocrx_word' id='word_1_170' title='bbox 677 2957 805 3018; x_wconf 89' lang='lat' dir='ltr'>quoque</span> <span class='ocrx_word' id='word_1_171' title='bbox 823 2934 875 2999; x_wconf 85' lang='lat' dir='ltr'>liet</span> <span class='ocrx_word' id='word_1_172' title='bbox 892 2934 998 2999; x_wconf 67' lang='lat' dir='ltr'>idem!</span> 
     </span>
     <span class='ocr_line' id='line_1_27' title="bbox 164 3018 990 3105; baseline -0.006 -16"><span class='ocrx_word' id='word_1_173' title='bbox 164 3041 212 3090; x_wconf 84' lang='lat'>105</span> <span class='ocrx_word' id='word_1_174' title='bbox 230 3018 350 3086; x_wconf 87' lang='lat' dir='ltr'>interea</span> <span class='ocrx_word' id='word_1_175' title='bbox 367 3020 483 3085; x_wconf 87' lang='lat' dir='ltr'>tacitae</span> <span class='ocrx_word' id='word_1_176' title='bbox 500 3030 631 3105; x_wconf 85' lang='lat' dir='ltr'>serpunt</span> <span class='ocrx_word' id='word_1_177' title='bbox 647 3021 680 3084; x_wconf 92' lang='lat' dir='ltr'>in</span> <span class='ocrx_word' id='word_1_178' title='bbox 698 3021 820 3085; x_wconf 83' lang='lat' dir='ltr'>viscere</span> <span class='ocrx_word' id='word_1_179' title='bbox 836 3021 990 3096; x_wconf 87' lang='lat' dir='ltr'>fiammae,</span> 
     </span>
     <span class='ocr_line' id='line_1_28' title="bbox 272 3105 859 3191; baseline -0.002 -21"><span class='ocrx_word' id='word_1_180' title='bbox 272 3118 303 3171; x_wconf 89' lang='lat' dir='ltr'>et</span> <span class='ocrx_word' id='word_1_181' title='bbox 319 3105 405 3170; x_wconf 83' lang='lat' dir='ltr'>mals</span> <span class='ocrx_word' id='word_1_182' title='bbox 422 3106 544 3170; x_wconf 87' lang='lat' dir='ltr'>radices</span> <span class='ocrx_word' id='word_1_183' title='bbox 562 3106 654 3170; x_wconf 89' lang='lat' dir='ltr'>altius</span> <span class='ocrx_word' id='word_1_184' title='bbox 673 3105 767 3169; x_wconf 90' lang='lat' dir='ltr'>arbor</span> <span class='ocrx_word' id='word_1_185' title='bbox 784 3106 859 3191; x_wconf 84' lang='lat' dir='ltr'>agit.</span> 
     </span>
     <span class='ocr_line' id='line_1_29' title="bbox 230 3190 954 3276; baseline 0 -22"><span class='ocrx_word' id='word_1_186' title='bbox 230 3191 257 3255; x_wconf 89' lang='lat' dir='ltr'>si</span> <span class='ocrx_word' id='word_1_187' title='bbox 274 3202 380 3256; x_wconf 89' lang='lat' dir='ltr'>tamen</span> <span class='ocrx_word' id='word_1_188' title='bbox 397 3191 507 3256; x_wconf 87' lang='lat' dir='ltr'>auxilii</span> <span class='ocrx_word' id='word_1_189' title='bbox 524 3190 685 3276; x_wconf 89' lang='lat' dir='ltr'>perierunt</span> <span class='ocrx_word' id='word_1_190' title='bbox 702 3202 844 3276; x_wconf 82' lang='lat' dir='ltr'>tempora</span> <span class='ocrx_word' id='word_1_191' title='bbox 860 3191 954 3276; x_wconf 89' lang='lat' dir='ltr'>primi</span> 
     </span>
     <span class='ocr_line' id='line_1_30' title="bbox 272 3276 930 3362; baseline -0.005 -19"><span class='ocrx_word' id='word_1_192' title='bbox 272 3289 304 3343; x_wconf 93' lang='lat' dir='ltr'>et</span> <span class='ocrx_word' id='word_1_193' title='bbox 321 3287 412 3343; x_wconf 86' lang='lat' dir='ltr'>vetus</span> <span class='ocrx_word' id='word_1_194' title='bbox 429 3278 462 3341; x_wconf 93' lang='lat' dir='ltr'>in</span> <span class='ocrx_word' id='word_1_195' title='bbox 480 3288 573 3362; x_wconf 85' lang='lat' dir='ltr'>capto</span> <span class='ocrx_word' id='word_1_196' title='bbox 590 3288 716 3361; x_wconf 88' lang='lat' dir='ltr'>pectore</span> <span class='ocrx_word' id='word_1_197' title='bbox 734 3276 815 3341; x_wconf 89' lang='lat' dir='ltr'>sedit</span> <span class='ocrx_word' id='word_1_198' title='bbox 832 3298 930 3353; x_wconf 91' lang='lat' dir='ltr'>amor,</span> 
     </span>
     <span class='ocr_line' id='line_1_31' title="bbox 229 3362 1114 3448; baseline -0.001 -21"><span class='ocrx_word' id='word_1_199' title='bbox 229 3363 331 3428; x_wconf 90' lang='lat' dir='ltr'>maius</span> <span class='ocrx_word' id='word_1_200' title='bbox 348 3385 428 3448; x_wconf 93' lang='lat' dir='ltr'>opus</span> <span class='ocrx_word' id='word_1_201' title='bbox 446 3374 597 3448; x_wconf 88' lang='lat' dir='ltr'>superest.</span> <span class='ocrx_word' id='word_1_202' title='bbox 641 3362 698 3426; x_wconf 89' lang='lat' dir='ltr'>sed</span> <span class='ocrx_word' id='word_1_203' title='bbox 715 3384 792 3438; x_wconf 90' lang='lat' dir='ltr'>non,</span> <span class='ocrx_word' id='word_1_204' title='bbox 810 3363 886 3445; x_wconf 91' lang='lat' dir='ltr'>quia</span> <span class='ocrx_word' id='word_1_205' title='bbox 903 3363 1001 3428; x_wconf 88' lang='lat' dir='ltr'>serior</span> <span class='ocrx_word' id='word_1_206' title='bbox 1018 3384 1114 3447; x_wconf 87' lang='lat' dir='ltr'>aegro</span> 
     </span>
     <span class='ocr_line' id='line_1_32' title="bbox 164 3448 906 3524; baseline -0.005 -9"><span class='ocrx_word' id='word_1_207' title='bbox 164 3468 213 3517; x_wconf 90' lang='lat'>110</span> <span class='ocrx_word' id='word_1_208' title='bbox 273 3448 420 3524; x_wconf 89' lang='lat' dir='ltr'>advocor,</span> <span class='ocrx_word' id='word_1_209' title='bbox 437 3449 490 3513; x_wconf 91' lang='lat' dir='ltr'>ille</span> <span class='ocrx_word' id='word_1_210' title='bbox 508 3448 586 3511; x_wconf 90' lang='lat' dir='ltr'>mibi</span> <span class='ocrx_word' id='word_1_211' title='bbox 603 3448 820 3513; x_wconf 86' lang='lat' dir='ltr'>destituendus</span> <span class='ocrx_word' id='word_1_212' title='bbox 838 3448 906 3512; x_wconf 88' lang='lat' dir='ltr'>erit.</span> 
     </span>
     <span class='ocr_line' id='line_1_33' title="bbox 230 3533 1016 3618; baseline 0 -21"><span class='ocrx_word' id='word_1_213' title='bbox 230 3554 326 3618; x_wconf 89' lang='lat' dir='ltr'>quam</span> <span class='ocrx_word' id='word_1_214' title='bbox 342 3534 446 3598; x_wconf 88' lang='lat' dir='ltr'>laesus</span> <span class='ocrx_word' id='word_1_215' title='bbox 463 3533 568 3599; x_wconf 88' lang='lat' dir='ltr'>fuerat</span> <span class='ocrx_word' id='word_1_216' title='bbox 584 3543 706 3618; x_wconf 85' lang='lat' dir='ltr'>partem</span> <span class='ocrx_word' id='word_1_217' title='bbox 724 3533 896 3598; x_wconf 86' lang='lat' dir='ltr'>Poeantius</span> <span class='ocrx_word' id='word_1_218' title='bbox 914 3533 1016 3610; x_wconf 91' lang='lat' dir='ltr'>beros,</span> 
     </span>
     <span class='ocr_line' id='line_1_34' title="bbox 272 3618 913 3703; baseline 0 -20"><span class='ocrx_word' id='word_1_219' title='bbox 272 3620 371 3684; x_wconf 88' lang='lat' dir='ltr'>altera</span> <span class='ocrx_word' id='word_1_220' title='bbox 388 3618 542 3683; x_wconf 87' lang='lat' dir='ltr'>debuerat</span> <span class='ocrx_word' id='word_1_221' title='bbox 558 3619 772 3703; x_wconf 87' lang='lat' dir='ltr'>praesecuisse</span> <span class='ocrx_word' id='word_1_222' title='bbox 790 3641 913 3683; x_wconf 87' lang='lat' dir='ltr'>manus.</span> 
     </span>
     <span class='ocr_line' id='line_1_35' title="bbox 230 3703 1045 3791; baseline -0.002 -22"><span class='ocrx_word' id='word_1_223' title='bbox 230 3717 301 3791; x_wconf 88' lang='lat' dir='ltr'>post</span> <span class='ocrx_word' id='word_1_224' title='bbox 319 3716 425 3769; x_wconf 86' lang='lat' dir='ltr'>tamen</span> <span class='ocrx_word' id='word_1_225' title='bbox 442 3703 493 3769; x_wconf 87' lang='lat' dir='ltr'>hic</span> <span class='ocrx_word' id='word_1_226' title='bbox 511 3705 626 3768; x_wconf 89' lang='lat' dir='ltr'>multos</span> <span class='ocrx_word' id='word_1_227' title='bbox 645 3715 773 3768; x_wconf 85' lang='lat' dir='ltr'>sanatus</span> <span class='ocrx_word' id='word_1_228' title='bbox 792 3705 930 3770; x_wconf 89' lang='lat' dir='ltr'>creditur</span> <span class='ocrx_word' id='word_1_229' title='bbox 947 3726 1045 3768; x_wconf 88' lang='lat' dir='ltr'>annos</span> 
     </span>
     <span class='ocr_line' id='line_1_36' title="bbox 273 3789 922 3876; baseline -0.002 -21"><span class='ocrx_word' id='word_1_230' title='bbox 273 3812 453 3876; x_wconf 87' lang='lat' dir='ltr'>supremam</span> <span class='ocrx_word' id='word_1_231' title='bbox 470 3789 561 3853; x_wconf 90' lang='lat' dir='ltr'>bellis</span> <span class='ocrx_word' id='word_1_232' title='bbox 577 3789 766 3875; x_wconf 89' lang='lat' dir='ltr'>imposuisse</span> <span class='ocrx_word' id='word_1_233' title='bbox 783 3813 922 3855; x_wconf 88' lang='lat' dir='ltr'>manum.</span> 
     </span>
     <span class='ocr_line' id='line_1_37' title="bbox 164 3875 1088 3961; baseline -0.002 -20"><span class='ocrx_word' id='word_1_234' title='bbox 164 3897 212 3946; x_wconf 84' lang='lat'>115</span> <span class='ocrx_word' id='word_1_235' title='bbox 230 3876 286 3961; x_wconf 93' lang='lat' dir='ltr'>qui</span> <span class='ocrx_word' id='word_1_236' title='bbox 302 3875 396 3940; x_wconf 91' lang='lat' dir='ltr'>modo</span> <span class='ocrx_word' id='word_1_237' title='bbox 414 3875 572 3940; x_wconf 88' lang='lat' dir='ltr'>nascentis</span> <span class='ocrx_word' id='word_1_238' title='bbox 589 3875 798 3961; x_wconf 88' lang='lat' dir='ltr'>properabam</span> <span class='ocrx_word' id='word_1_239' title='bbox 815 3878 932 3961; x_wconf 88' lang='lat' dir='ltr'>pellere</span> <span class='ocrx_word' id='word_1_240' title='bbox 949 3875 1088 3953; x_wconf 89' lang='lat' dir='ltr'>morbos,</span> 
     </span>
     <span class='ocr_line' id='line_1_38' title="bbox 272 3959 1042 4046; baseline -0.003 -19"><span class='ocrx_word' id='word_1_241' title='bbox 272 3962 425 4027; x_wconf 88' lang='lat' dir='ltr'>admoveo</span> <span class='ocrx_word' id='word_1_242' title='bbox 442 3959 566 4025; x_wconf 87' lang='lat' dir='ltr'>tardam</span> <span class='ocrx_word' id='word_1_243' title='bbox 581 3984 667 4026; x_wconf 93' lang='lat' dir='ltr'>nuno</span> <span class='ocrx_word' id='word_1_244' title='bbox 684 3961 742 4026; x_wconf 90' lang='lat' dir='ltr'>tibi</span> <span class='ocrx_word' id='word_1_245' title='bbox 758 3962 862 4027; x_wconf 93' lang='lat' dir='ltr'>lentus</span> <span class='ocrx_word' id='word_1_246' title='bbox 880 3983 981 4046; x_wconf 89' lang='lat' dir='ltr'>opem.</span> <span class='ocrx_word' id='word_1_247' title='bbox 998 3997 1042 4008; x_wconf 91' lang='lat'>-</span> 
     </span>
     <span class='ocr_line' id='line_1_39' title="bbox 230 4047 1031 4132; baseline -0.001 -19"><span class='ocrx_word' id='word_1_248' title='bbox 230 4058 286 4113; x_wconf 91' lang='lat' dir='ltr'>aut</span> <span class='ocrx_word' id='word_1_249' title='bbox 301 4069 399 4123; x_wconf 88' lang='lat' dir='ltr'>nova,</span> <span class='ocrx_word' id='word_1_250' title='bbox 418 4047 444 4111; x_wconf 88' lang='lat' dir='ltr'>si</span> <span class='ocrx_word' id='word_1_251' title='bbox 462 4047 578 4131; x_wconf 92' lang='lat' dir='ltr'>possis,</span> <span class='ocrx_word' id='word_1_252' title='bbox 597 4047 707 4112; x_wconf 90' lang='lat' dir='ltr'>sedare</span> <span class='ocrx_word' id='word_1_253' title='bbox 724 4047 869 4112; x_wconf 89' lang='lat' dir='ltr'>incendia</span> <span class='ocrx_word' id='word_1_254' title='bbox 885 4058 1031 4132; x_wconf 88' lang='lat' dir='ltr'>temptes,</span> 
     </span>
     <span class='ocr_line' id='line_1_40' title="bbox 272 4132 888 4218; baseline -0.002 -20"><span class='ocrx_word' id='word_1_255' title='bbox 272 4144 328 4198; x_wconf 90' lang='lat' dir='ltr'>aut</span> <span class='ocrx_word' id='word_1_256' title='bbox 344 4132 400 4196; x_wconf 90' lang='lat' dir='ltr'>ubi</span> <span class='ocrx_word' id='word_1_257' title='bbox 418 4156 474 4218; x_wconf 89' lang='lat' dir='ltr'>per</span> <span class='ocrx_word' id='word_1_258' title='bbox 490 4133 573 4198; x_wconf 86' lang='lat' dir='ltr'>vires</span> <span class='ocrx_word' id='word_1_259' title='bbox 590 4133 786 4218; x_wconf 90' lang='lat' dir='ltr'>procubuere</span> <span class='ocrx_word' id='word_1_260' title='bbox 804 4156 888 4197; x_wconf 86' lang='lat' dir='ltr'>suas.</span> 
     </span>
     <span class='ocr_line' id='line_1_41' title="bbox 230 4217 1029 4294; baseline -0.003 -10"><span class='ocrx_word' id='word_1_261' title='bbox 230 4240 303 4284; x_wconf 90' lang='lat' dir='ltr'>cum</span> <span class='ocrx_word' id='word_1_262' title='bbox 320 4217 410 4283; x_wconf 88' lang='lat' dir='ltr'>furor</span> <span class='ocrx_word' id='word_1_263' title='bbox 425 4218 458 4281; x_wconf 90' lang='lat' dir='ltr'>in</span> <span class='ocrx_word' id='word_1_264' title='bbox 476 4240 570 4283; x_wconf 89' lang='lat' dir='ltr'>cursu</span> <span class='ocrx_word' id='word_1_265' title='bbox 589 4229 649 4294; x_wconf 88' lang='lat' dir='ltr'>est,</span> <span class='ocrx_word' id='word_1_266' title='bbox 668 4220 805 4283; x_wconf 90' lang='lat' dir='ltr'>currenti</span> <span class='ocrx_word' id='word_1_267' title='bbox 822 4219 899 4283; x_wconf 91' lang='lat' dir='ltr'>cede</span> <span class='ocrx_word' id='word_1_268' title='bbox 916 4218 1029 4283; x_wconf 87' lang='lat' dir='ltr'>furori:</span> 
     </span>
     <span class='ocr_line' id='line_1_42' title="bbox 164 4303 934 4404; baseline 0 -35"><span class='ocrx_word' id='word_1_269' title='bbox 164 4324 213 4375; x_wconf 77' lang='lat'>120</span> <span class='ocrx_word' id='word_1_270' title='bbox 272 4304 416 4369; x_wconf 87' lang='lat' dir='ltr'>difficiles</span> <span class='ocrx_word' id='word_1_271' title='bbox 434 4303 538 4369; x_wconf 82' lang='lat' dir='ltr'>aditus</span> <span class='ocrx_word' id='word_1_272' title='bbox 554 4304 691 4404; x_wconf 88' lang='lat' dir='ltr'>impetus</span> <span class='ocrx_word' id='word_1_273' title='bbox 709 4304 811 4368; x_wconf 89' lang='lat' dir='ltr'>omnis</span> <span class='ocrx_word' id='word_1_274' title='bbox 829 4303 934 4369; x_wconf 89' lang='lat' dir='ltr'>habet.</span> 
     </span>
     <span class='ocr_line' id='line_1_43' title="bbox 230 4388 1036 4475; baseline -0.001 -21"><span class='ocrx_word' id='word_1_275' title='bbox 230 4390 358 4466; x_wconf 88' lang='lat' dir='ltr'>stultus,</span> <span class='ocrx_word' id='word_1_276' title='bbox 376 4390 418 4453; x_wconf 91' lang='lat' dir='ltr'>ab</span> <span class='ocrx_word' id='word_1_277' title='bbox 436 4389 539 4454; x_wconf 91' lang='lat' dir='ltr'>oblico</span> <span class='ocrx_word' id='word_1_278' title='bbox 557 4411 613 4474; x_wconf 89' lang='lat' dir='ltr'>qur</span> <span class='ocrx_word' id='word_1_279' title='bbox 630 4411 702 4453; x_wconf 92' lang='lat' dir='ltr'>cum</span> <span class='ocrx_word' id='word_1_280' title='bbox 721 4388 911 4455; x_wconf 90' lang='lat' dir='ltr'>descendere</span> <span class='ocrx_word' id='word_1_281' title='bbox 927 4390 1036 4475; x_wconf 88' lang='lat' dir='ltr'>possit,</span> 
     </span>
    </p>
   </div>
   <div class='ocr_carea' id='block_1_3' title="bbox 133 4474 1011 4649">
    <p class='ocr_par' dir='ltr' id='par_1_3' title="bbox 133 4474 1011 4649">
     <span class='ocr_line' id='line_1_44' title="bbox 133 4474 939 4575; baseline -0.001 -36"><span class='ocrx_word' id='word_1_282' title='bbox 133 4508 137 4515; x_wconf 94' lang='lat'>·</span> <span class='ocrx_word' id='word_1_283' title='bbox 271 4485 395 4575; x_wconf 75' lang='lat' dir='ltr'>pugnat</span> <span class='ocrx_word' id='word_1_284' title='bbox 410 4474 445 4539; x_wconf 88' lang='lat' dir='ltr'>in</span> <span class='ocrx_word' id='word_1_285' title='bbox 461 4476 610 4541; x_wconf 85' lang='lat' dir='ltr'>adversas</span> <span class='ocrx_word' id='word_1_286' title='bbox 626 4474 673 4539; x_wconf 85' lang='lat' dir='ltr'>irc</span> <span class='ocrx_word' id='word_1_287' title='bbox 689 4486 813 4539; x_wconf 87' lang='lat' dir='ltr'>natator</span> <span class='ocrx_word' id='word_1_288' title='bbox 830 4496 939 4559; x_wconf 89' lang='lat' dir='ltr'>aquas.</span> 
     </span>
     <span class='ocr_line' id='line_1_45' title="bbox 227 4559 1011 4649; baseline 0 -22"><span class='ocrx_word' id='word_1_289' title='bbox 227 4560 398 4649; x_wconf 76' lang='lat' dir='ltr'>impetrans</span> <span class='ocrx_word' id='word_1_290' title='bbox 415 4559 538 4629; x_wconf 90' lang='lat' dir='ltr'>animus</span> <span class='ocrx_word' id='word_1_291' title='bbox 555 4583 614 4626; x_wconf 89' lang='lat' dir='ltr'>nec</span> <span class='ocrx_word' id='word_1_292' title='bbox 632 4560 737 4625; x_wconf 88' lang='lat' dir='ltr'>adhuc</span> <span class='ocrx_word' id='word_1_293' title='bbox 753 4561 925 4626; x_wconf 86' lang='lat' dir='ltr'>tractabilis</span> <span class='ocrx_word' id='word_1_294' title='bbox 944 4572 1011 4628; x_wconf 88' lang='lat' dir='ltr'>arte</span> 
     </span>
    </p>
   </div>
   <div class='ocr_carea' id='block_1_4' title="bbox 0 0 1306 4974">
    <p class='ocr_par' dir='ltr' id='par_1_4' title="bbox 0 0 1306 4974">
     <span class='ocr_line' id='line_1_46' title="bbox 0 0 1306 4974; baseline 0 0"><span class='ocrx_word' id='word_1_295' title='bbox 0 0 1306 4974; x_wconf 95' lang='lat' dir='ltr'> </span> 
     </span>
    </p>
   </div>
  </div>
 </body>
</html>
