2604 4974
193 845 256 922 102
460 905 463 910 .
529 868 876 927 onninamente

192 994 258 1058 aive
276 1016 310 1058 es
329 992 436 1068 docta,
455 994 561 1079 places
579 1017 668 1057 raras
687 994 795 1058 dotata
812 1005 984 1078 perantes:

235 1079 302 1144 sive
320 1078 422 1155 rudis,
440 1081 566 1163 placeas
585 1078 785 1165 simplicitate
804 1094 868 1144 tua.

193 1176 253 1242 est,
272 1185 360 1248 quae¹
373 1161 562 1229 Callimachi
580 1187 657 1250 prae
675 1166 790 1229 nostris
808 1165 925 1228 rustica
943 1164 1028 1228 dicat

141 1272 174 1321 20
236 1249 388 1315 carmina:
408 1250 460 1314 cui
477 1251 598 1334 placeo,
617 1251 760 1335 protinus
778 1250 848 1335 ipsa
865 1251 979 1334 placet.

192 1348 240 1401 est
257 1336 367 1412 etiam,
386 1357 468 1418 quae
487 1359 538 1400 me
556 1348 662 1400 vatem
681 1349 713 1401 et
730 1359 802 1400 mea
820 1335 959 1400 carmina
978 1337 1098 1421 culpet:

235 1421 391 1506 culpantis
410 1421 537 1506 cupiam
556 1422 744 1487 sustinuisse
761 1422 875 1486 femur.

191 1508 329 1573 molliter
345 1506 478 1572 incedit:
497 1519 585 1571 motu
603 1508 698 1593 capit.
743 1508 842 1572 altera
861 1508 940 1572 dura
958 1518 1019 1572 est:

235 1604 268 1658 at
285 1592 399 1678 poterit
417 1603 501 1656 tacto
519 1593 643 1657 mollior
661 1616 730 1659 esse
748 1594 826 1657 viro.

127 1699 174 1753 ,25
192 1679 272 1744 hacc
289 1679 365 1761 quia
383 1679 475 1743 dulce
493 1678 578 1742 canit
594 1679 755 1762 flectitque
773 1679 924 1743 facillima
941 1700 1063 1756 vocem,

235 1765 343 1829 oscula
361 1765 500 1828 cantanti
518 1778 611 1849 rapta
628 1765 752 1830 dedisse
770 1766 876 1829 velim.

192 1849 272 1916 haec
289 1851 437 1934 querulas
456 1849 554 1914 habili
572 1852 727 1935 percurrit
744 1851 858 1936 pollice
876 1849 1024 1916 chordas:

234 1947 301 2001 tam
318 1935 427 2000 doctas
446 1935 517 2020 quis
534 1957 598 1999 non
616 1937 716 2021 possit
734 1959 840 2001 amare
858 1937 991 2000 manus?

192 2022 247 2087 illa
264 2023 369 2108 placet
386 2035 479 2107 gestu
496 2043 729 2105 numerosaque
747 2022 894 2086 bracchia
912 2022 1009 2098 ducit,

143 2129 176 2179 co
236 2119 268 2173 et
286 2120 430 2172 tenerum
448 2108 535 2171 molli
553 2118 680 2190 torquet
697 2107 737 2172 ab
755 2119 822 2173 arte
839 2108 936 2172 latus:

192 2206 229 2258 ut
246 2205 369 2259 taceam
388 2194 427 2258 de
445 2216 510 2268 me,
530 2193 585 2277 qui
603 2215 699 2258 causa
716 2207 830 2278 tangor
848 2194 888 2257 ab
907 2194 1005 2269 omni,

234 2279 299 2344 illic
317 2279 530 2364 Hippolytum
547 2301 646 2364 pone:
664 2279 802 2365 Priapus
821 2278 894 2344 eritl

192 2375 242 2441 tu,
261 2365 417 2448 quietam
436 2367 533 2450 longa
550 2388 598 2440 es,
617 2378 739 2430 veteres
758 2365 903 2429 heroidas
921 2387 1039 2450 aequas

235 2461 267 2515 et
284 2464 373 2535 potes
391 2452 424 2514 in
442 2463 508 2514 toto
527 2450 627 2515 multa
644 2452 747 2516 iacere
765 2461 843 2515 tore.

142 2557 174 2607 85
192 2535 272 2601 haec
289 2536 402 2600 habilis
420 2535 573 2601 brevitate
591 2559 649 2602 sua
667 2547 724 2602 est.
769 2557 953 2622 corrumpor
969 2548 1120 2623 utraque:

236 2623 428 2688 conveniunt
445 2633 519 2687 voto
536 2623 633 2708 longa
651 2622 820 2706 brevisque
838 2644 919 2688 meo.

192 2730 258 2773 non
276 2718 323 2773 est
342 2708 441 2772 culta:
459 2707 559 2783 subit,
577 2709 655 2791 quid
673 2709 776 2773 cultae
794 2709 945 2774 accedere
963 2709 1072 2795 possit.

237 2805 348 2858 ornata
365 2804 427 2858 est:
446 2794 535 2859 dotes
554 2795 683 2860 exhibet
699 2795 770 2880 ipsa
788 2817 871 2859 suas.

194 2880 330 2945 candida
346 2902 397 2943 me
416 2881 534 2964 capiet,
553 2881 656 2965 capiet
674 2903 725 2945 mc
742 2881 827 2945 flava
843 2881 960 2965 puella,

141 2987 175 3037 40
236 2977 282 3029 est
301 2964 396 3029 etiam
413 2966 446 3029 iu
463 2965 554 3030 fusco
571 2978 664 3052 grata
681 2966 784 3031 colore
803 2966 924 3032 Venus.

192 3073 249 3115 seu
267 3052 407 3136 pendent
423 3051 516 3116 nivea
533 3053 613 3137 pulli
631 3052 753 3117 cervice
772 3052 891 3138 capilli:

235 3136 328 3202 Leda
345 3136 406 3201 fuit
422 3137 515 3222 nigra
532 3138 757 3223 conspicienda
775 3160 882 3215 coma3

192 3245 249 3287 seu
265 3223 398 3288 flavent:
417 3223 537 3308 placuit
554 3223 673 3289 croceis
691 3225 819 3288 Aurora
837 3223 968 3309 capillis.

234 3309 380 3373 omnibus
397 3308 535 3375 historiis
553 3331 587 3374 se
605 3332 695 3374 meus
713 3321 802 3395 aptat
819 3330 917 3374 amor.

140 3416 172 3462 45
191 3415 243 3458 me
260 3415 343 3458 nova
361 3394 521 3469 sollicitat,
540 3417 591 3460 me
609 3394 711 3480 tangit
728 3395 827 3460 serior
844 3406 946 3461 aetas:

234 3479 313 3543 haec
330 3479 455 3556 melior,
474 3481 579 3565 specie
597 3480 736 3564 corporis
753 3480 808 3544 illa
824 3482 939 3567 placet.

192 3564 328 3647 denique
346 3586 426 3647 quas
443 3574 510 3629 tota
526 3565 697 3649 quisquam
715 3566 828 3651 probet
844 3568 924 3632 urbe
941 3567 1074 3653 puellas,

233 3662 341 3714 noster
357 3650 390 3713 in
408 3650 466 3714 has
483 3651 586 3715 omnis
604 3651 790 3716 ambitiosus
809 3673 907 3717 amor.

682 3805 715 3870 V

191 3905 306 3972 Nullus
323 3929 412 3971 amor
429 3905 509 3971 tanti
527 3918 589 3983 est,
606 3943 649 3952 -
667 3908 778 3985 abeas,
796 3908 976 3994 pharetrate
994 3908 1121 3996 Cupido
1139 3946 1181 3958 —

234 4005 270 4058 ut
287 3993 365 4057 mihi
382 3993 444 4056 sint
460 3993 576 4058 totiens
593 3994 732 4058 maxima
750 4006 825 4059 vota
842 3996 932 4059 mori.

191 4090 267 4144 vota
283 4080 363 4144 mori
379 4101 451 4144 mea
468 4089 555 4155 sunt,
574 4100 648 4144 cum
665 4091 696 4145 te
714 4102 863 4165 peccasse
879 4082 1036 4159 recordor,

234 4165 264 4230 ei
280 4164 359 4230 mihi
376 4175 566 4249 perpetuum
582 4176 658 4230 nata
675 4166 782 4252 puella
800 4166 934 4231 maluml

159 4272 174 4320 o
192 4272 256 4315 non
273 4250 352 4315 mihi
369 4250 520 4335 deceptae
537 4250 660 4315 nudant
677 4263 732 4316 tua
749 4251 835 4316 facta
852 4253 997 4331 tabellae,

233 4359 294 4403 nec
311 4336 386 4401 data
402 4336 519 4401 firrtive
536 4358 668 4402 munera
685 4337 804 4402 crimen
821 4338 950 4404 habent.

191 4444 212 4487 o
228 4422 351 4487 utinam
369 4444 534 4507 arguerem
552 4421 613 4498 sic,
630 4433 748 4487 utnon
766 4422 892 4489 vincere
909 4424 1051 4508 posseml

234 4528 287 4573 me
303 4508 468 4584 miserum,
487 4529 585 4592 quare
602 4518 668 4572 tam
685 4508 769 4572 bona
787 4514 883 4574 causa
900 4533 972 4575 mea
989 4511 1056 4576 est?

77 4584 165 4712 ΕΜ·
178 4592 358 4696 delinqui,
376 4593 462 4716 puod
479 4605 580 4695 amat,
591 4593 769 4695 'defendar-e
786 4594 909 4660 fortiter
926 4595 1033 4675 audet,

160 4696 181 4712 ⁵
235 4700 289 4749 “ur
304 4700 364 4747 sua
393 4698 458 4745 non
474 4677 550 4745 lecr'
569 4678 673 4747 dicere
691 4702 793 4746 amica
809 4691 924 4771 potest.
