2604 4974
10 580 16 699 i

10 1354 27 1603 t

263 288 695 347 HEROIDUMIV.138-1rc.
715 290 749 345 v.
769 289 862 345 1-4r.
1034 272 1074 341 15

89 413 183 481 laesa
199 434 316 498 queror
333 412 373 479 de
390 423 437 486 te,
455 413 482 477 si
500 412 591 489 sinis,
609 412 679 497 ipsa
695 433 776 476 meo.

47 500 123 585 quis
142 500 222 565 deus
241 498 389 584 opposuit
406 499 520 564 nostris
538 521 596 562 sua
614 498 746 561 numina
763 498 863 562 votis?

91 608 137 651 ne
154 594 211 650 tua
227 607 446 670 permaneam,
464 584 550 668 quod
567 583 645 647 mihi
663 584 781 648 crimen
798 583 908 649 obest?

48 671 177 747 leniter,
195 693 237 736 ex
253 670 364 734 merito
382 670 533 753 quioquid
550 669 685 754 patiare,
704 668 870 733 ferendum
888 679 949 734 est:

94 778 181 839 quae
198 756 285 820 venit
301 755 432 840 indigno
449 777 566 840 poena,
584 754 720 819 dolenda
738 755 833 818 venit.

51 841 198 905 nondum
216 851 321 905 tantus
340 863 423 916 eras,
442 862 516 904 cum
533 851 564 904 te
583 850 729 904 contenta
746 840 858 904 marito

96 927 184 991 edita
202 927 241 991 de
259 946 376 1010 magno
393 926 523 990 flumine
540 924 682 1010 nympha
698 924 755 989 fui.

54 1012 111 1095 qui
128 1032 215 1075 nunc
232 1010 424 1088 Priamides,
441 1047 485 1057 —
502 1011 586 1075 absit
601 1011 778 1075 reverentia
794 1033 870 1076 vero
887 1045 930 1057 -

96 1119 209 1161 servus
227 1118 309 1161 eras:
329 1117 420 1160 servo
437 1097 556 1160 nubere
574 1095 715 1180 nympha
732 1096 803 1160 tulii

55 1204 152 1269 saepe
170 1204 284 1267 greges
300 1181 383 1246 inter
398 1180 611 1265 requievimus
629 1181 741 1246 arbore
758 1182 846 1259 tecti,

96 1266 261 1350 mixtaque
279 1289 352 1330 cum
369 1266 453 1331 foliis
471 1266 617 1352 praebuit
634 1265 734 1332 herba
750 1279 865 1332 torum.

56 1376 110 1419 sae
134 1376 152 1418 e
170 1374 265 1437 super
283 1365 421 1416 stramen
438 1352 576 1436 fenoque
594 1352 769 1417 iacentibus
787 1355 850 1418 alto

121 1438 231 1503 efensa
248 1447 296 1502 est
313 1437 423 1502 humili
442 1459 521 1502 cana
538 1438 651 1523 pruina
669 1459 752 1502 casa.

57 1525 130 1611 quis
146 1522 205 1587 tibi
222 1522 417 1589 monstrabat
435 1525 534 1587 saltus
552 1523 719 1589 venatibus
736 1534 826 1609 aptos

98 1620 142 1686 et,
160 1618 282 1694 tegeret
298 1609 420 1673 catulos
438 1630 503 1692 qua
520 1609 588 1673 fera
604 1631 683 1693 rupe
701 1610 794 1673 suos?

55 1696 136 1761 retia
153 1716 249 1780 saepe
266 1714 373 1759 comes
390 1695 523 1758 maculis
541 1694 690 1758 distincta
707 1694 837 1772 tetendi,

96 1803 194 1866 saepe
212 1780 290 1844 citos
308 1779 360 1865 egi
377 1802 434 1864 per
450 1779 527 1865 iuga
544 1779 640 1865 longa
658 1801 762 1844 canes.

56 1866 174 1932 incisae
191 1876 318 1931 servant
335 1888 355 1929 a
371 1876 403 1930 te
420 1888 492 1930 mea
508 1865 638 1929 nomina
654 1864 736 1950 fagi,

98 1964 132 2018 et
147 1952 238 2036 legor
255 1947 390 2016 Oenone
408 1951 490 2015 falce
507 1961 616 2015 notata
633 1962 702 2015 tua:

58 2048 88 2103 et
103 2048 261 2122 quantum
276 2037 394 2111 trunci,
411 2047 535 2100 tantum
553 2059 625 2101 mea
642 2036 770 2100 nomina
788 2047 948 2103 crescuntz

98 2122 246 2200 crescite,
264 2133 296 2187 et
312 2122 346 2185 in
363 2122 471 2186 titulos
489 2122 609 2207 surgite
626 2134 713 2187 recta
729 2122 830 2188 meos!

58 2209 189 2358 popule,
206 2207 294 2285 vive,
311 2228 432 2292 precor,
451 2229 533 2291 quae
550 2207 672 2272 consita
689 2209 831 2294 margine
848 2208 936 2294 ripae

121 2315 160 2360 oc
176 2294 211 2359 in
228 2314 345 2379 rugoso
363 2293 478 2357 cortice
496 2315 624 2357 carmen
640 2292 754 2359 habes:

60 2386 146 2445 ‘cum
163 2379 256 2444 Paris
274 2375 410 2444 Oenone
426 2378 543 2462 poterit
560 2378 679 2463 spirare
696 2379 814 2456 relicta,

98 2466 141 2530 ad
157 2464 279 2529 fontem
295 2463 422 2528 Xanthi
439 2486 532 2529 versa
548 2475 688 2529 recurret
706 2465 809 2548 aqua'

61 2548 205 2627 Xanthe,
222 2560 306 2615 retro
322 2570 472 2634 propera,
490 2571 664 2632 versaeque
681 2551 831 2616 recurrite
848 2549 1012 2636 lymphae!

99 2636 235 2701 sustinet
251 2631 409 2700 Oenonen
426 2635 601 2700 deseruisse
619 2635 721 2700 Paris.

45 2720 112 2786 illa
129 2721 196 2785 dies
214 2720 316 2784 fatum
333 2719 467 2785 miserae
484 2719 562 2784 mihi
581 2720 675 2797 dixit,
694 2720 734 2784 ab
752 2722 806 2785 illa

101 2806 239 2893 pessima
255 2805 369 2870 mutati
386 2805 491 2891 coepit
507 2806 623 2870 amoris
641 2806 774 2892 hiemps,

62 2912 121 2975 qua
137 2892 250 2957 Venus
267 2903 300 2956 et
316 2891 398 2955 Iuno
416 2891 613 2977 sumptisque
631 2892 790 2956 decentior
808 2892 903 2956 armis

99 2976 186 3042 venit
203 2977 236 3040 in
255 2976 419 3040 arbitrium
437 2978 523 3041 nuda
540 2977 689 3041 Minerva
706 2988 806 3041 tuum.

64 3234 181 3299 attoniti
198 3232 337 3298 micuere
355 3233 457 3308 sinus,
474 3233 662 3318 gelidusque
680 3234 827 3310 cucurrit,

100 3330 136 3384 ut
152 3318 232 3383 mihi
248 3318 396 3395 narrasti,
415 3318 495 3382 dura
512 3341 569 3403 per
587 3341 658 3383 ossa
675 3330 801 3383 tremor.

64 3404 203 3470 consului
218 3440 262 3450 -
278 3425 382 3487 neque
400 3404 484 3469 enim
501 3404 625 3469 modice
643 3404 784 3468 terrebar
799 3441 844 3451 —
861 3426 1003 3488 anusque

100 3492 337 3577 longaevosque
355 3512 460 3554 senes:
479 3490 617 3553 constitit
634 3512 705 3554 esse
722 3489 822 3554 nefas.

64 3596 153 3643 caesa
169 3576 271 3651 abies,
289 3586 458 3659 sectaeque
476 3575 596 3650 trabes,
615 3587 647 3640 et
665 3576 765 3640 classe
782 3586 894 3661 parata

102 3662 229 3727 caerula
245 3670 367 3725 ceratas
385 3661 499 3746 accipit
515 3660 603 3725 unda
619 3673 712 3726 rates.

63 3746 142 3813 flesti
160 3747 335 3811 discedens.
381 3744 442 3810 hoc
460 3747 565 3811 saltim
582 3769 676 3832 parce
694 3770 826 3833 negare:

102 3830 272 3918 praeterito
288 3831 392 3917 magis
410 3844 458 3896 est
474 3831 534 3897 iste
551 3833 720 3917 pudendus
738 3854 835 3897 amor.

62 3928 93 3985 et
108 3918 192 3983 flesti
210 3929 242 3982 et
259 3929 382 3981 nostros
401 3917 506 3981 vidisti
524 3918 627 3983 flentis
646 3919 762 3983 ocellos
768 3942 777 3995 ;

102 4001 287 4068 miscuimus
304 4003 449 4067 lacrimas
467 4015 606 4069 maestus
624 4015 758 4088 uterque
776 4025 859 4067 suas.

47 4110 125 4155 non
142 4088 188 4154 sic
206 4088 357 4173 adpositis
375 4088 511 4154 vincitur
529 4089 647 4154 vitibus
663 4090 780 4165 ulmus,
