2604 4974
297 288 411 344 sarrs
428 288 655 346 sunroumn
672 287 744 343 ms.
764 289 787 343 1.
806 287 931 344 rs-rss.
1059 273 1122 342 145

148 436 222 498 pars
240 413 337 477 laniat
355 413 471 489 crines,
489 435 562 498 pars
580 411 647 476 sine
665 423 770 476 mente
788 410 889 476 sedet:

107 499 204 564 altera
221 510 341 563 maesta
359 498 442 574 silet,
461 498 577 561 frustra
595 508 687 562 vocat
704 497 803 562 altera
818 508 965 561 matrem:

148 584 227 648 haec
245 584 395 666 queritur,
414 596 519 668 stupet
536 582 629 647 haec:
648 582 727 648 haec
743 594 863 658 manet,
882 584 936 647 illa
953 583 1045 668 sugit.

106 669 264 733 ducuntur
280 679 402 753 raptae,
420 667 552 754 genialis
570 669 701 753 praeda,
719 668 854 753 puellae,

148 766 179 818 et
195 753 298 839 potuit
315 754 428 817 multas
446 754 515 838 ipse
533 754 644 819 decere
661 753 762 817 timor.

105 839 196 922 siqua
212 839 412 924 repugnabat
428 839 560 903 nimium
579 839 787 923 comitemque
805 839 953 924 negabat,

147 924 305 988 sublatam
322 925 437 1008 cupido
455 924 503 988 vir
520 924 591 988 tulit
607 924 675 1008 ipse
693 925 764 988 sinu

105 1021 200 1093 atque
216 1010 261 1074 ita
278 1009 369 1093 ‘quid
387 1021 511 1074 teneros
527 1009 664 1073 lacrimis
682 1009 855 1094 corrumpis
873 1007 1007 1073 ocellos?

147 1095 233 1178 quod
250 1095 343 1158 matri
360 1106 450 1179 pater
467 1106 529 1170 est,
547 1094 607 1160 hoc
624 1095 694 1159 tibi'
713 1095 793 1158 dixit
809 1094 897 1159 ‘ero’

104 1179 255 1257 Romule,
272 1180 424 1245 militibus
442 1180 528 1244 scisti
544 1181 621 1244 dare
639 1181 805 1245 commoda
821 1178 920 1243 solusl

146 1266 226 1331 haec
243 1264 321 1328 mihi
338 1265 364 1329 si
383 1265 507 1330 dederis
525 1266 704 1342 commoda,
722 1265 812 1330 miles
830 1285 894 1329 ero.

105 1351 224 1416 scilicet
241 1373 281 1417 ex
297 1351 352 1414 illo
370 1350 533 1416 sollemnia
549 1373 636 1416 more
654 1350 777 1415 theatra

147 1458 232 1501 nunc
248 1457 375 1519 quoque
393 1436 539 1500 formosis
556 1436 706 1500 insidiosa
722 1446 860 1500 manent.

105 1543 164 1587 nec
181 1532 212 1586 te
229 1521 383 1586 nobilium
399 1521 503 1607 fugiat
520 1532 680 1587 certamen
696 1542 861 1604 equorum.

147 1608 247 1671 multa
264 1630 365 1692 capax
382 1607 491 1691 populi
509 1607 675 1671 commoda
692 1607 794 1671 circus
811 1605 917 1671 habet.

105 1693 150 1757 nil
167 1714 246 1778 opus
265 1706 313 1756 est
330 1692 451 1778 digitis,
469 1714 526 1777 per
542 1714 623 1775 quos
640 1713 755 1757 arcana
771 1691 919 1775 loquaris,

147 1801 206 1842 nec
224 1778 281 1842 tibi
298 1801 354 1863 per
371 1788 466 1842 nutus
485 1777 668 1863 accipienda
684 1789 759 1842 nota
776 1788 837 1842 est:

105 1864 267 1949 proximus
285 1886 305 1927 a
322 1863 462 1938 domina,
480 1864 567 1928 nullo
584 1863 783 1948 prohibente,
802 1862 920 1940 sedeto,

148 1949 244 2036 iunge
261 1960 352 2012 tuum
369 1949 460 2013 lateri
477 1969 541 2032 qua
556 1961 646 2034 potes
664 1970 766 2032 usque
783 1949 875 2013 latus.

108 2035 250 2113 sthene,
269 2034 355 2117 quod
373 2033 472 2120 cogit,
490 2035 517 2098 si
534 2033 626 2112 nolit,
644 2035 727 2099 linea
743 2034 843 2119 iungi,

149 2121 235 2204 quod
252 2119 311 2184 tibi
327 2121 487 2204 tangenda
505 2131 553 2185 est
569 2120 640 2205 lege
657 2120 765 2220 puella
781 2120 852 2184 loci.

107 2206 159 2270 hic
176 2206 234 2270 tibi
251 2217 421 2290 quaeratur
438 2204 514 2269 socii
532 2226 684 2270 sermonis
702 2205 802 2291 origo,

149 2301 181 2356 et
197 2308 346 2356 moveant
361 2290 479 2376 primos
496 2290 624 2376 publica
641 2290 740 2355 verba
757 2310 860 2354 sonos.

108 2377 197 2442 cuius
215 2377 288 2460 equi
305 2377 446 2454 veniant,
464 2375 575 2453 facito,
593 2375 746 2452 studiose,
763 2376 920 2458 requiras3

149 2485 208 2527 nec
224 2484 328 2527 mora:
346 2461 489 2545 quisquis
507 2461 580 2537 erit,
599 2461 650 2526 cui
669 2461 757 2526 favet
772 2460 841 2537 illa,
858 2460 941 2526 fave.

107 2559 140 2612 at
157 2571 230 2613 cum
247 2569 365 2633 pompa
381 2547 529 2630 frequens
548 2547 740 2611 certantibus
756 2545 815 2609 ibit
832 2545 972 2631 ephebis,

149 2644 185 2698 tu
202 2633 319 2700 Veneri
337 2633 481 2697 dominae
499 2633 615 2719 plaude
632 2632 759 2697 favente
777 2653 883 2695 manu.

107 2729 205 2802 utque
222 2719 270 2794 fit,
288 2719 320 2782 in
338 2718 494 2804 gremium
512 2717 616 2804 pulvis
635 2718 661 2782 si
678 2718 759 2782 forte
776 2715 900 2801 puellae

150 2803 314 2880 deciderit,
332 2804 438 2891 digitis
456 2803 662 2869 excutiendus
680 2803 748 2868 erit.

108 2902 139 2954 et
158 2889 185 2953 si
201 2889 307 2952 uullus
324 2890 383 2954 erit
400 2890 518 2974 pulvis,
536 2899 642 2953 tamen
660 2900 772 2955 excute
789 2887 926 2951 nullum:

151 2973 310 3057 quaelibet
327 2974 430 3039 officio
449 2997 545 3040 causa
563 2975 603 3039 sit
620 2987 694 3061 apta
711 2984 776 3038 tuo.

107 3060 204 3147 pallia
221 3059 248 3122 si
265 3071 348 3123 terra
365 3060 497 3124 nimium
515 3060 652 3126 demissa
668 3060 826 3136 iacebunt,

151 3145 264 3232 collige
281 3156 313 3209 et
328 3145 481 3210 inmunda
498 3146 625 3211 sedulus
644 3146 722 3213 effer
739 3145 845 3210 humo.

108 3231 265 3316 protinus,
285 3229 381 3295 officii
398 3231 550 3316 pretium,
567 3233 705 3316 patiente
723 3230 829 3316 puella

152 3317 335 3402 contingent
352 3315 450 3380 oculis
469 3338 560 3381 crura
577 3317 713 3383 videnda
730 3315 802 3381 tuis.

109 3400 230 3486 respice
247 3412 423 3486 praeterea,
441 3413 514 3487 post
530 3423 586 3466 vos
604 3403 795 3486 quicumque
812 3401 943 3477 sedebit,

152 3509 193 3551 ne
210 3499 332 3572 premat
349 3487 493 3572 opposito
511 3487 618 3552 mollia
634 3499 724 3572 terga
740 3510 837 3573 genu.

109 3595 209 3659 parva
224 3571 303 3637 levis
321 3572 451 3657 capiunt
468 3573 598 3636 animos.
641 3572 703 3637 fuit
719 3573 797 3638 utile
813 3571 931 3647 multis,

152 3658 317 3743 pulvinum
335 3657 420 3721 facili
438 3657 651 3743 composuisse
668 3682 774 3723 manu.

108 3743 228 3828 profuit
245 3755 277 3808 et
294 3742 382 3807 tenui
399 3754 509 3807 ventos
527 3742 663 3808 movisse
680 3743 797 3808 tabella

153 3839 183 3892 et
202 3850 281 3892 cava
299 3828 358 3892 sub
376 3838 518 3892 tenerum
537 3850 666 3893 scamna
683 3828 806 3892 dedisse
823 3827 947 3912 pedem.

110 3912 167 3977 hos
186 3913 289 3997 aditus
307 3913 471 3996 circusque
488 3935 571 3978 novo
589 3913 754 3998 praebebit
770 3913 880 3989 amori,

153 4019 325 4082 sparsaque
343 3998 474 4063 sollicito
492 3998 589 4063 tristis
606 3997 725 4063 harena
741 3997 821 4061 foro·

110 4083 164 4147 illa
181 4105 276 4168 saepe
293 4105 373 4168 puer
389 4083 523 4150 Veneris
540 4084 695 4170 pugnavit
711 4083 839 4163 harena,
915 4167 950 4223 10

163 4181 221 4231 θυίᾱι·
228 4181 266 4228 ool.
273 4180 295 4225 1.
