2604 4974
350 323 556 380 HRROIDUM
571 322 635 379 XV.
655 323 798 379 tao-207.

110 460 204 532 teque
222 447 285 512 mei
303 447 398 511 scires
417 470 486 512 esse
503 446 621 512 laboris
639 466 729 531 opus.

64 555 152 599 nunc
169 533 247 598 mihi
264 533 309 597 nil
327 543 485 618 superest,
503 532 628 610 uisite,
646 533 801 610 formosa,
819 533 951 619 precari,
1109 551 1156 601 165

110 619 320 705 amplectique
338 629 424 695 tuos,
443 617 470 682 si
487 619 624 704 patiare,
642 618 750 704 pedes.

65 728 85 769 o
105 707 218 782 decus,
236 726 255 768 o
273 727 422 790 praesens
439 704 639 790 geminorum
657 704 759 789 gloria
775 704 919 781 fratrum,

110 813 128 854 o
146 791 224 855 Iove
242 790 340 876 digna
357 790 441 866 viro,
459 790 493 853 ni
510 790 588 855 Iove
605 803 681 853 nata
697 789 792 866 fores,

66 887 122 941 aut
140 898 201 962 ego
220 875 256 941 Si
281 898 335 940 eos
353 888 495 961 repetam
513 886 544 940 te
562 875 698 960 coniuge
714 887 834 960 portus,

111 975 166 1026 aut
183 961 235 1025 hic
252 899 410 1025 {aenaria
428 971 579 1046 contegar
597 961 671 1025 exul
688 959 799 1026 humcl

66 1071 130 1112 non
148 1070 221 1113 mea
238 1059 312 1111 sunt
329 1069 453 1110 summa
470 1047 582 1110 leviter
599 1045 742 1111 districta
760 1046 876 1132 sagitta

110 1144 252 1219 pectora:
272 1133 435 1197 descendit
451 1133 567 1196 vulnus
586 1133 626 1196 ad
645 1154 717 1196 ossa
733 1155 850 1197 meum.

66 1221 127 1284 hoc
144 1219 222 1282 mihi
238 1253 282 1264 -
298 1241 372 1282 nam
390 1231 498 1303 repeto
515 1253 560 1264 -
575 1217 659 1294 fore,
676 1228 713 1282 ut
730 1241 750 1282 a
767 1219 902 1283 caeleste
920 1219 1036 1304 sagitta

109 1305 200 1391 figor,
219 1315 286 1368 erat
303 1326 400 1368 verax
418 1303 590 1368 vaticinata
608 1324 704 1368 soror.

65 1413 162 1476 parce
180 1391 289 1454 datum
307 1389 395 1466 fatis,
414 1390 553 1467 Helene,
572 1400 773 1454 contemnere
791 1412 947 1456 amorem:

110 1477 155 1540 sic
172 1475 291 1539 habeas
309 1475 419 1540 faciles
436 1476 469 1539 in
487 1486 542 1539 tua
559 1486 634 1540 vota
651 1476 737 1541 deos.

66 1563 168 1626 multa
185 1560 314 1644 quidem
332 1560 483 1625 subeunt:
504 1561 561 1628 sed
579 1583 686 1626 coram
704 1573 740 1626 ut
757 1563 850 1648 plura
866 1562 1043 1645 loquamur,

111 1646 222 1731 excipe
240 1669 291 1710 me
309 1647 391 1711 lecto
408 1659 501 1711 nocte
520 1647 632 1712 silente
650 1658 715 1712 tuo.

67 1757 109 1797 an
126 1732 226 1818 pudet
245 1744 276 1796 et
292 1732 407 1796 metuis
425 1733 584 1798 Venerem
602 1743 756 1798 temerare
774 1734 922 1799 maritam

112 1829 262 1901 castaque
280 1817 413 1902 legitimi
430 1818 539 1883 fallere
556 1818 722 1883 iuratori?

67 1903 102 1968 al
120 1903 254 1968 nimium
272 1903 405 1988 simplex
423 1904 548 1969 Helene
565 1903 620 1985 (ne
637 1905 756 1970 rustica
774 1906 904 1991 dicam),

110 1989 193 2054 hanc
210 1988 325 2053 faciem
344 1990 438 2075 culpa
454 2011 547 2074 posse
566 2012 672 2054 carere
689 1993 804 2075 putas?

67 2086 123 2139 aut
140 2075 255 2140 faciem
273 2086 390 2151 mutes,
410 2087 465 2138 aut
483 2075 525 2139 sis
543 2097 607 2139 non
625 2076 705 2140 dura
722 2099 852 2142 necesse
870 2089 933 2142 esta

110 2161 148 2225 lis
166 2171 214 2226 est
232 2182 306 2224 cum
323 2160 426 2224 forma
443 2182 560 2246 magna
577 2162 758 2246 pudicitiae.

66 2246 212 2332 Iuppiter
228 2245 278 2310 his
296 2246 429 2332 gaudet,
447 2247 568 2332 gaudet
586 2247 696 2312 Venus
715 2271 812 2312 aurea
829 2249 937 2313 furtis:

110 2334 189 2398 haec
206 2331 264 2396 tibi
280 2355 395 2417 nempe
413 2345 534 2417 patrem
553 2332 639 2396 fruta
657 2333 772 2398 dedere
790 2333 911 2399 Iovem.

67 2419 122 2482 vix
138 2418 221 2495 fieri,
240 2418 267 2483 si
285 2428 359 2482 sunt
375 2417 458 2482 vires
476 2418 508 2481 in
527 2418 646 2483 semine
665 2440 801 2496 morum,

111 2515 142 2570 et
159 2504 245 2569 Iovis
263 2515 295 2569 et
312 2504 423 2569 Ledae
440 2504 518 2580 filia,
538 2514 625 2569 casta
642 2516 742 2590 potes.

68 2602 156 2655 casta
173 2601 279 2655 tamen
297 2600 365 2654 tum
384 2589 441 2666 sis,
460 2611 533 2654 cum
550 2601 581 2654 te
599 2613 671 2655 mea
688 2590 787 2656 Troia
803 2591 932 2666 tenebit,

110 2689 141 2741 et
160 2687 215 2740 tua
232 2676 307 2752 sim,
325 2697 459 2758 quaeso,
477 2675 610 2739 crimina
627 2677 712 2741 solus
732 2697 802 2762 eg0.

67 2783 152 2826 nunc
170 2785 209 2826 ea
225 2762 408 2847 peccemus,
427 2783 509 2845 quae
528 2761 664 2847 corriget
681 2762 759 2826 hora
776 2762 902 2848 iugalis,

110 2847 137 2911 si
155 2848 249 2911 modo
268 2847 410 2932 promisit
427 2870 491 2911 non
509 2846 587 2911 mihi
605 2870 688 2912 vana
704 2848 826 2914 Venus.

68 2933 123 2998 sed
142 2932 200 2997 tibi
218 2944 250 2996 et
268 2933 328 2996 hoc
346 2933 460 2998 suadet
477 2933 586 3010 rebus,
604 2955 670 2998 non
686 2955 779 3006 voce,
796 2933 929 2998 maritus

109 3041 189 3084 neve
207 3019 256 3082 sui
274 3018 367 3083 furtis
384 3019 519 3105 hospitis
537 3019 655 3095 obstet,
674 3019 773 3085 abest

66 3127 131 3169 non
148 3103 261 3168 habuit
277 3115 418 3189 tempus,
436 3127 499 3187 quo
519 3103 630 3170 Cresia
646 3128 746 3193 regna
763 3105 895 3184 videret,

110 3190 224 3275 aptius.
268 3190 386 3254 omira
404 3192 574 3255 calliditate
592 3191 710 3256 viruml

68 3276 163 3340 cessit
180 3286 212 3340 et
231 3275 334 3341 ‘Idaei
351 3277 468 3339 mando
487 3276 559 3339 tibi'
578 3278 657 3342 dixit
673 3279 775 3344 iturus

110 3368 234 3425 ‘curam
251 3382 309 3446 pro
326 3361 418 3425 nobis
437 3361 584 3447 hospitis,
602 3384 697 3439 uxor,
716 3365 814 3450 agas!

66 3447 206 3532 neclegis
224 3447 378 3523 absentis,
397 3459 504 3524 testor,
522 3448 673 3513 mandata
690 3450 808 3516 mariti:

109 3556 187 3598 cura
203 3532 262 3597 tibi
278 3555 343 3597 non
361 3544 408 3597 est
426 3532 558 3618 hospitis
576 3534 641 3598 ulla
659 3536 715 3600 tui.

65 3619 203 3683 huncine
221 3630 255 3683 tu
274 3641 382 3704 speras
400 3618 560 3683 hominem
579 3619 645 3685 sine
664 3632 790 3707 pectore
809 3622 899 3687 dotes

108 3726 202 3789 posse
221 3703 296 3768 natis
314 3705 450 3782 formae,
468 3705 626 3789 Tyndari,
644 3729 738 3772 nosse
755 3708 850 3772 tu'ae?

65 3790 200 3854 falleris:
218 3790 353 3874 ignorat.
397 3812 471 3867 nec,
490 3791 517 3854 si
534 3790 619 3855 bona
635 3815 753 3877 magna
770 3804 906 3879 putaret,

108 3899 191 3959 quae
210 3886 310 3952 tenet,
329 3887 459 3940 externo
478 3877 619 3941 crederet
637 3878 690 3942 illa
708 3879 785 3942 viro

65 3974 101 4026 ut
119 3974 150 4026 te
168 3983 228 4026 nec
246 3984 317 4026 mea
335 3984 398 4026 vox
415 3972 524 4027 necte
542 3985 632 4027 meus
649 3963 758 4028 incitet
776 3965 879 4041 ardor,

109 4047 254 4132 cogimur
270 4047 370 4132 ipsius
388 4047 611 4112 commoditate
628 4049 705 4113 frui:

64 4145 123 4200 aut
140 4134 257 4198 erimus
275 4132 363 4197 stulti
381 4133 426 4198 sic
442 4143 480 4198 ut
496 4154 682 4219 superemus
700 4146 732 4201 et
748 4135 865 4222 ipsum,
