2604 4974
170 257 284 314 ARTIS
302 257 529 313 AMATORIAE
545 257 618 312 LIB.
636 257 674 311 11.
694 256 837 313 tro—746.
856 255 908 310 111.
921 252 1015 310 1-47.
1044 239 1105 306 177

130 381 244 446 faverit
261 392 307 459 et,
325 391 390 445 toto
408 381 463 464 qui
480 381 566 445 volat
583 381 674 457 orbe,
692 402 781 465 puer.

88 490 151 532 non
169 478 236 532 erat
253 467 379 531 armatis
398 489 536 550 aequum
553 488 739 532 concurrere
756 465 873 529 nudas:
1125 485 1141 533 5

130 554 175 617 sic
193 553 288 617 etiam
306 552 395 616 vobis
413 552 539 617 vincere
558 562 664 637 turpe,
683 551 750 615 viri.

89 638 201 703 dixerit
218 661 236 703 e
253 638 359 701 multis
379 637 491 720 aliquis
510 638 603 721 ‘quid
620 638 706 701 virus
723 637 756 700 in
774 635 886 720 anguis

131 723 227 787 adicis
245 734 277 788 et
294 722 423 787 rabidae
441 723 538 787 tradis
556 723 637 787 ovile
654 721 782 807 lupaei'

88 809 206 894 parcite
224 831 398 893 paucarum
416 807 593 873 diffundere
611 807 730 872 crimen
747 806 780 870 in
798 827 921 871 omnes:

133 904 290 980 spectetur
305 893 424 958 meritis
443 915 586 977 quaeque
603 893 710 978 puella
727 892 802 956 suis.

90 978 117 1043 si
134 980 234 1044 minor
250 980 379 1044 Atrides
398 979 558 1056 Helenen,
577 980 780 1061 Helenesque
798 999 938 1041 sororem

132 1086 193 1149 quo
210 1076 333 1150 premat
350 1064 480 1129 Atrides
499 1063 628 1128 crimine
646 1063 746 1127 maior
763 1063 869 1139 habet,

90 1150 117 1214 si
134 1151 248 1215 scelere
268 1146 418 1216 Oeclides
435 1149 619 1213 Talaioniae
636 1147 811 1233 Eriphylae

131 1237 222 1300 vivus
240 1246 271 1300 et
287 1236 320 1299 in
338 1235 418 1299 vivis
436 1236 477 1299 ad
495 1233 598 1320 Styga
615 1234 703 1299 venit
719 1234 823 1317 equis:

91 1332 139 1386 est
155 1322 206 1406 pia
223 1321 384 1405 Penelope
401 1320 508 1384 lustris
526 1328 649 1385 errante
667 1320 790 1383 duobus

135 1421 165 1471 et
180 1406 311 1471 totidem
328 1406 435 1470 lustris
453 1407 536 1470 bella
554 1415 684 1491 gerente
702 1405 779 1468 viro.

91 1514 141 1558 res
164 1493 209 1557 icc
226 1491 424 1575 Phylaciden
441 1500 473 1555 et
490 1513 572 1574 quae
591 1512 696 1555 comes
713 1490 775 1554 isse
793 1489 905 1554 marito

134 1515 232 1642 liertur
249 1587 280 1641 et
297 1586 371 1641 ante
389 1597 488 1640 annos
507 1575 692 1640 occubuisse
711 1597 794 1640 suos.

91 1664 158 1728 fata
172 1662 381 1727 Pheretiadae
399 1663 536 1727 coniunx
553 1661 692 1748 Pegasis
709 1661 856 1726 redemit:

134 1771 187 1834 pro
205 1749 278 1813 vivo
296 1759 344 1812 est
361 1771 442 1812 uxor
458 1748 569 1812 funere
587 1747 651 1810 lata
669 1745 738 1810 viri.

93 1834 176 1900 ‘acci
196 1857 213 1898 e
231 1857 296 1910 me,
316 1831 484 1919 Capaneu:
513 1833 632 1898 cineres
649 1831 866 1897 miscebimus’
883 1830 987 1915 inquit

136 1857 255 2005 Iphias,
273 1920 307 1983 in
323 1919 444 1984 medios
463 1918 651 2002 desiluitque
667 1940 772 2004 rogos.

93 2006 163 2091 ipsa
180 2026 302 2089 quoque
320 2016 351 2070 et
369 2006 456 2069 cultu
473 2015 519 2069 est
538 2014 569 2069 et
585 2004 712 2068 nomine
729 2002 848 2069 femina
865 2003 995 2068 Virtus:

136 2112 196 2155 non
215 2091 343 2167 mirum,
360 2090 478 2176 populo
497 2091 524 2154 si
541 2090 645 2176 placet
661 2089 715 2154 illa
733 2112 801 2154 suo.

94 2186 273 2241 nontamen
290 2175 350 2240 hae
368 2186 488 2240 mentes
505 2188 613 2240 nostra
630 2186 803 2261 poscuntur
821 2175 862 2239 ab
880 2185 961 2241 arte:

139 2261 325 2326 conveniunt
343 2262 476 2326 cumbae
495 2261 566 2326 vela
582 2260 704 2325 minora
721 2282 821 2325 meae.

95 2348 141 2411 nil
157 2347 213 2411 nisi
230 2348 340 2411 lascivi
357 2369 414 2432 per
431 2369 482 2411 me
501 2347 664 2411 discuntur
682 2367 819 2411 amores:

139 2432 267 2509 femma,
285 2433 492 2517 praecipiam,
511 2453 575 2515 quo
594 2432 634 2495 sit
651 2432 788 2496 amanda
804 2431 908 2495 m0d0.

97 2517 215 2583 femina
227 2540 286 2582 neo
303 2518 445 2582 flammas
463 2541 522 2582 nee
540 2538 651 2582 saevos
670 2517 797 2581 discutit
815 2538 916 2581 arcus.

141 2604 259 2688 parcus
277 2603 356 2668 haec
373 2604 464 2667 video
483 2603 545 2667 tela
562 2624 674 2667 nocere
693 2603 777 2666 viris.

99 2710 194 2773 saepe
211 2689 264 2752 v'ri
280 2690 409 2765 fallunt3
427 2699 553 2752 tenerae
570 2710 635 2752 non
653 2711 747 2772 saepe
764 2687 899 2772 puellae,

141 2794 313 2858 paucaque,
333 2775 359 2838 si
376 2796 525 2857 quaeras,
544 2774 675 2838 crimina
692 2773 813 2837 fraudis
831 2772 958 2838 habent.

98 2857 322 2933 Phasida,iam
340 2869 482 2936 matrem,
500 2859 598 2923 fallax
616 2859 734 2923 dimisit
751 2859 839 2922 Iaso:

141 2941 229 3008 venit
244 2942 272 3005 ir.
287 2945 444 3010 Aesonios
463 2946 560 3009 altera
576 2956 677 3030 nupta
693 2945 790 3009 sinus.

100 3029 296 3114 quantumin
314 3043 358 3106 te,
377 3031 519 3107 Theseu,
538 3031 681 3095 volucres
699 3029 844 3094 Ariadna
860 3030 998 3094 marinas

142 3113 245 3200 pavit,
262 3113 296 3176 in
304 3117 413 3202 ignoto
432 3116 499 3181 sola
515 3115 624 3181 relicta
640 3115 725 3181 locol

102 3220 236 3285 quaere,
254 3197 368 3266 Norem
387 3224 444 3266 cur
460 3225 525 3266 una
542 3202 612 3266 viae
630 3202 784 3279 dicantur,
802 3213 833 3266 et
850 3201 925 3266 audi

145 3282 294 3368 depositis
313 3287 399 3351 s'lvas
416 3287 567 3371 Phyllida
583 3288 675 3352 flesse
694 3288 801 3351 cornis.

105 3382 137 3436 et
154 3370 273 3433 famam
291 3368 405 3452 picatis
422 3371 533 3446 habet,
552 3382 658 3436 tamen
675 3373 791 3457 hospes
809 3383 840 3438 et
858 3395 965 3438 ensem

146 3453 292 3540 praebuit
309 3462 341 3516 et
354 3478 476 3521 eausam
493 3457 618 3533 mortis,
636 3457 758 3534 Elissa,
776 3469 859 3523 tuae.

104 3541 182 3626 quid
199 3560 257 3602 vos
274 3537 448 3622 perdilerit,
466 3542 590 3608 dicam?
616 3543 759 3608 nescistis
778 3565 898 3607 amare:

149 3624 249 3689 defuit
267 3645 318 3687 ars
337 3627 425 3691 votis.
471 3640 538 3694 arte
556 3640 707 3712 perennat
725 3650 822 3693 amor.

106 3733 192 3776 nune
210 3729 337 3791 quoque
354 3713 508 3777 uenirent.
553 3713 609 3777 sed
627 3737 678 3779 me
696 3711 856 3798 Cytherea
874 3714 986 3778 docere

150 3796 241 3859 iussit
259 3805 290 3856 et
307 3801 380 3854 ante
398 3798 493 3862 culos
511 3798 651 3863 constitit
668 3799 737 3885 ipsa
754 3821 852 3863 meos.

108 3895 176 3947 tum
193 3877 271 3942 mihi
289 3875 380 3959 ‘quid
397 3883 531 3974 {nserae'
550 3884 630 3948 dixit
647 3891 804 3949 ‘meruere
821 3883 965 3976 puellae?

151 3965 286 4029 traditur
303 3971 430 4024 armatrs
450 3970 550 4053 ulgus
568 3970 686 4034 inerme
704 3970 788 4039 viris,

110 4053 181 4118 illos
199 4047 333 4114 artifices
352 4045 576 4136 geminifecere
594 4056 704 4127 libelli;

165 4151 223 4197 cruc
234 4149 271 4195 aa
282 4147 301 4195 I·
916 4155 950 4218 ῃ

535 4356 564 4453 l
