2604 4974
218 751 265 820 50-
436 758 486 768 ··
556 767 589 822 P.
609 766 719 824 orror
736 756 898 823 ursonis

259 891 350 956 ‘dum
366 913 432 956 nox
450 903 518 956 atra
536 891 618 955 sinit.
663 901 697 954 tu
715 890 817 975 fugis,
835 891 905 975 ipsa
922 891 1046 956 moror!

215 1000 308 1042 mane
327 990 408 1052 erat,
427 989 458 1042 et
476 977 611 1041 Danaus
629 998 763 1062 generos
782 1000 821 1041 ex
840 977 936 1041 caede
954 976 1084 1043 iacentis

165 1083 198 1132 80
259 1065 447 1130 dinumerat.
491 1086 634 1127 summae
653 1062 792 1126 criminis
809 1085 892 1127 unus
910 1063 996 1128 abes.

214 1149 275 1214 fert
294 1151 377 1214 male
395 1161 550 1234 cognatae
567 1149 722 1213 iacturam
740 1149 849 1212 mortis
868 1149 901 1212 in
919 1171 983 1213 uno

258 1248 289 1312 et
307 1236 448 1317 queritur
466 1235 542 1298 facti
561 1234 725 1318 sanguinis
743 1257 812 1298 esse
831 1257 954 1319 parum.

218 1321 384 1385 abstrahor
401 1345 420 1384 a
438 1321 548 1406 patriis
566 1320 716 1404 pedibus,
733 1330 922 1404 raptamque
941 1321 1061 1406 capillis
1078 1357 1120 1366 -

259 1407 338 1471 haec
355 1406 471 1471 meruit
483 1407 589 1555 pietas
607 1405 767 1490 praemia?
783 1442 827 1451 —
845 1428 953 1472 carcer
971 1407 1076 1472 babet.

165 1511 197 1560 85
216 1492 336 1557 scilicet
354 1515 394 1556 ex
411 1492 465 1556 illo
501 1491 620 1556 unonia
638 1503 802 1576 permanet
819 1493 876 1569 ira,

258 1599 321 1661 quo
340 1577 397 1642 bos
416 1601 456 1642 ex
474 1578 600 1642 homine
620 1589 681 1653 est,
700 1601 740 1642 ex
757 1578 840 1641 bove
857 1577 943 1641 facta
961 1578 1040 1643 dea?

215 1674 249 1728 at
265 1664 341 1728 satis
360 1675 407 1729 est
424 1685 545 1748 poenae
564 1676 705 1728 teneram
722 1663 863 1748 mugisse
881 1664 1030 1750 puellam,

257 1771 317 1814 nec
334 1748 430 1813 modo
448 1749 620 1813 formosam
637 1771 730 1835 posse
747 1751 872 1833 placere
889 1749 970 1813 lovi.

216 1835 335 1899 adstitit
352 1834 385 1898 in
403 1835 473 1920 ripa
489 1835 602 1919 liquidi
619 1858 703 1899 nova
720 1856 818 1898 vacca
836 1836 976 1920 parentis

166 1937 198 1986 90
259 1942 440 2005 cornuaque
458 1921 493 1985 in
509 1920 619 2006 patriis
636 1943 700 1985 non
718 1944 777 1985 sua
794 1921 874 1986 vidit
891 1921 983 2005 aquis

215 2018 247 2072 et
265 2019 378 2073 conata
395 2007 485 2091 queri
503 2007 643 2092 mugitus
662 2007 762 2072 edidit
779 2028 833 2072 ore

258 2093 428 2176 territaque
448 2103 495 2158 est
512 2093 629 2170 forma,
647 2092 755 2158 territa
772 2113 851 2159 voce
869 2115 936 2158 sua.
1082 2173 1087 2181 ,

216 2180 294 2262 quid
312 2178 406 2254 furis,
425 2178 555 2243 infelix?
581 2178 659 2263 quid
676 2190 707 2243 te
724 2179 848 2244 miraris
864 2179 897 2243 in
915 2179 1048 2244 umbra?

259 2265 336 2348 quid
354 2288 502 2330 numeras
519 2265 622 2330 factos
640 2266 681 2329 ad
698 2287 782 2329 nova
799 2266 942 2330 membra
959 2267 1078 2352 pedes?

167 2367 197 2416 aa
215 2351 270 2415 illa
287 2351 373 2415 Iovis
391 2350 500 2436 magni
518 2351 631 2434 paelex
649 2350 936 2436 metuendasorori

257 2437 369 2501 fronde
387 2437 473 2501 levas
491 2436 622 2500 nimiam
641 2437 877 2521 cespitibusque
894 2438 1027 2515 famem3

216 2522 304 2587 fonte
322 2521 405 2586 bibis
422 2532 611 2671 qpectasque
629 2534 717 2586 tuam
735 2523 914 2607 stupefacta
930 2524 1067 2610 figuram

259 2621 300 2685 et,
318 2620 349 2673 te
367 2630 408 2672 ue
440 2608 540 2672 eriant
557 2629 640 2692 quae
657 2609 740 2694 geris
759 2632 861 2686 arma,
880 2609 981 2674 times.

216 2716 362 2778 quaeque
378 2694 488 2770 modo,
506 2704 541 2758 ut
559 2695 660 2779 possis
679 2694 775 2759 etiam
793 2695 870 2760 love
889 2694 986 2780 digna
1003 2696 1113 2773 videri,

148 2799 197 2846 100
257 2780 344 2846 dives
363 2802 447 2856 eras,
465 2780 552 2843 nuda
569 2780 656 2844 nuda
672 2781 830 2845 recumbis
848 2778 956 2845 humo.

214 2888 271 2951 per
287 2889 389 2942 mare,
407 2888 464 2951 per
482 2876 581 2930 terras
599 2877 797 2951 cognataque
814 2866 945 2931 flumina
963 2868 1076 2932 curris:

258 2952 313 3015 dat
329 2975 431 3028 mare,
450 2951 526 3015 dant
544 2975 667 3027 amnes,
686 2953 741 3017 dat
758 2952 817 3016 tibi
834 2963 919 3017 terra
936 2953 1030 3018 viam.

216 3059 298 3121 quae
316 3037 373 3101 tibi
391 3060 487 3102 causa
504 3037 620 3122 fugae?
645 3038 724 3120 quid
740 3037 804 3102 iam
821 3037 903 3103 freta
919 3039 1016 3125 longa
1033 3043 1197 3125 pererras?

257 3145 321 3187 non
338 3123 456 3208 poteris
473 3124 578 3187 voltus
597 3123 738 3208 effugere
756 3125 826 3209 ipsa
842 3136 924 3188 tuos.

148 3229 196 3277 105
214 3210 338 3284 Inachi,
358 3230 422 3292 quo
440 3209 609 3294 properas?
635 3210 746 3274 eadem
765 3210 969 3293 sequerisque
985 3209 1148 3296 fugisque:

256 3307 291 3359 tu
310 3295 367 3359 tibi
385 3296 451 3358 dux
470 3294 589 3371 comiti,
608 3306 643 3359 tu
662 3317 766 3359 comes
784 3296 855 3380 ipsa
873 3296 955 3360 duci.

213 3404 270 3466 per
287 3388 408 3466 septem
426 3380 519 3445 Nilus
537 3391 647 3466 portus
665 3381 798 3447 emissus
816 3381 850 3446 in
867 3403 986 3465 aequor

256 3467 343 3532 exuit
360 3467 490 3531 insanae
508 3466 636 3551 paelicis
654 3488 710 3531 ora
726 3466 827 3532 bovis.

212 3553 325 3617 ultima
342 3552 419 3635 quid
437 3552 588 3628 referam,
607 3573 743 3635 quorum
760 3553 839 3617 mihi
857 3575 936 3618 cana
954 3566 1099 3620 senectus

146 3657 195 3706 110
255 3638 384 3703 auctor?
410 3637 487 3702 dant
505 3639 594 3714 anni,
612 3639 698 3720 quod
716 3660 840 3722 querar,
859 3662 933 3704 ecee
951 3641 1023 3705 mei.

207 3725 297 3788 ‘bella
314 3734 404 3808 pater
420 3734 616 3808 patruusque
634 3736 763 3809 gerunt:
781 3745 944 3810 regnoque
962 3726 1121 3812 domoque

255 3810 416 3896 pellimur:
436 3809 551 3874 eiectos
570 3809 700 3874 ultimus
718 3811 803 3875 orbis
822 3811 928 3875 habet.

212 3896 266 3960 ille
283 3895 373 3960 ferox
391 3894 469 3958 solio
486 3895 573 3960 solus
591 3907 779 3981 sceptroque
796 3897 929 3981 potitur:

255 4004 327 4045 cum
347 4003 421 4045 sene
438 4002 496 4044 nos
514 3981 602 4066 inopi
620 3982 714 4046 turba
732 4005 887 4067 vagamur
903 3983 1005 4069 inops.

144 4087 193 4135 115
213 4067 251 4131 de
270 4067 404 4131 fratrum
422 4069 540 4151 populo
558 4090 630 4153 pars
649 4068 854 4153 exiguissima
870 4080 983 4134 restat:

255 4153 372 4237 quique
392 4152 456 4216 dati
473 4152 551 4229 let0‚
571 4175 715 4237 quaeque
735 4153 864 4231 dedere,
882 4156 952 4220 fleo.

211 4263 285 4302 nam
303 4238 379 4302 mihi
398 4248 475 4320 quot
493 4238 621 4315 fratres,
639 4240 769 4303 totidem
787 4240 909 4324 periere
927 4263 1064 4306 sorores:

254 4323 388 4409 accipiat
405 4323 551 4389 lacrimas
568 4334 702 4408 utraque
720 4325 814 4388 turba
831 4348 928 4391 meas.

211 4433 250 4475 en
269 4431 345 4511 ego,
363 4409 450 4494 quod
468 4410 562 4487 vivis,
580 4431 702 4495 poenae
720 4409 891 4476 crucianda
907 4433 1065 4479 reservorz
1130 4424 1132 4429 ’

143 4516 193 4567 120
253 4495 331 4580 quid
347 4495 403 4561 liet
420 4495 517 4573 sonti,
535 4518 607 4561 cum
624 4518 680 4560 rea
696 4495 799 4562 laudis
818 4498 915 4583 agar?

210 4591 242 4651 et
259 4580 515 4669 consanguineae
533 4581 694 4668 quondam
712 4583 883 4650 centesima
899 4584 1013 4652 turbae
