2604 4974
225 236 340 293 rums
356 237 584 295 mmrommr
601 239 674 294 mu.
693 240 745 295 111.
763 239 909 297 aaa-311.
1013 222 1075 289 183

102 369 219 434 sumat,
237 370 269 424 et
287 383 326 424 ex
344 360 460 426 umeris
477 362 568 429 laxus
587 361 720 426 amictus
738 372 798 426 eat.

58 444 176 530 pallida
192 446 358 529 purpureis
377 458 487 532 tangat
504 470 562 512 sua
580 468 712 532 corpora
729 445 841 532 virgis:

102 529 221 615 nigrior
238 531 279 594 ad
295 530 406 597 Pharii
423 532 559 618 confuge
577 532 670 617 piscis
689 553 791 617 opem.

59 637 115 700 pes
133 615 234 679 malus
252 615 285 679 in
301 616 395 680 nivea
412 640 535 702 semper
553 618 670 681 celetur
687 618 786 681 aluta:

102 700 190 764 arida
208 722 267 765 nec
283 701 394 766 vinclis
413 724 504 766 crura
520 704 641 767 resolve
660 702 734 767 suis.

60 785 250 850 conveniunt
267 795 377 852 tenues
395 788 530 872 scapulis
548 787 757 873 analeptrides
775 787 855 852 altis.

103 881 272 957 angustum
290 870 373 935 circa
389 872 488 936 fascia
528 883 615 937 ectus
633 883 693 938 eat.

61 956 175 1042 exiguo
195 955 297 1040 signet
313 968 419 1042 gestu,
438 897 526 1040 quod

104 1041 155 1106 cui
173 1041 263 1126 digiti
280 1042 414 1127 pingues
433 1054 465 1107 et
482 1043 592 1108 scaber
609 1065 725 1144 ungurs
743 1042 810 1107 erit.

61 1128 113 1192 eui
130 1127 236 1213 gravis
254 1128 316 1192 oris
335 1127 422 1205 odor,
440 1150 614 1211 numquam
631 1129 736 1194 ieiuna
753 1128 909 1211 loquetur,

103 1225 134 1276 et
152 1235 276 1296 semper
293 1212 394 1297 spatio
413 1213 507 1278 distet
524 1213 565 1278 ab
584 1234 637 1279 ore
654 1213 722 1278 viri.

61 1299 88 1362 si
105 1298 195 1382 niger
213 1308 267 1360 aut
283 1297 396 1382 ingens
414 1309 550 1362 autnon
567 1299 625 1362 erit
642 1299 750 1364 ordine
768 1308 861 1363 natus

104 1383 181 1446 dens
200 1382 271 1456 tibi,
288 1382 419 1447 ridendo
436 1384 575 1447 maxima
592 1383 708 1448 damna
724 1384 816 1450 feres.
1097 1401 1146 1451 280

62 1468 132 1552 quis
150 1467 276 1532 credat?
294 1468 419 1533 ffiseunt
436 1468 530 1534 etiam
547 1469 649 1533 ridere
667 1470 800 1555 puellae,

104 1552 264 1637 quaeritur
281 1565 376 1637 atque
392 1554 453 1618 illis
470 1553 530 1618 hac
548 1575 674 1637 quoque
691 1567 780 1639 parte
798 1555 901 1619 decor.

62 1638 124 1703 sint
140 1638 256 1702 modici
272 1638 369 1703 rictus
387 1661 566 1725 parvaeque
583 1639 740 1722 utrimque
757 1640 898 1716 lacunae,

105 1734 137 1788 et
154 1744 294 1788 summos
312 1724 421 1788 dentes
438 1725 502 1789 ima
520 1724 635 1789 labella
652 1734 769 1810 tegant.

63 1832 121 1874 nec
139 1832 197 1873 sua
213 1820 366 1894 perpetuo
385 1810 575 1874 contendant
592 1810 646 1873 ilia
663 1811 738 1886 risu,

105 1895 161 1959 sed
182 1895 253 1960 leve
269 1895 374 1959 nescio
392 1895 470 1978 quid
486 1895 720 1978 femineumque
738 1905 837 1960 sonet.

64 1990 125 2056 est,
144 2002 225 2063 quae
243 2003 390 2065 perverso
409 1981 603 2064 distorqueat
620 2003 675 2045 ora
692 1980 860 2045 cachinno:

106 2087 179 2131 cum
196 2065 261 2128 risu
278 2065 362 2130 laeta
380 2077 428 2131 est
445 2067 557 2144 altera,
574 2067 650 2131 flere
668 2078 768 2151 putes.

63 2152 117 2216 illa
135 2161 226 2214 sonat
241 2172 373 2215 raucum
390 2152 541 2234 quiddam
559 2163 654 2235 atque
670 2150 839 2216 inamabile
856 2150 946 2229 ridet,

105 2246 142 2300 ut
159 2235 245 2299 rudit
261 2258 281 2300 a
298 2236 409 2300 scabra
426 2237 525 2322 turpis
543 2236 640 2300 asella
656 2238 750 2300 mola.
1098 2255 1148 2306 290

64 2343 128 2407 quo
146 2342 209 2385 non
228 2343 278 2385 ars
295 2321 457 2406 penetrat?
483 2321 608 2386 discunt
623 2321 788 2385 lacrimare
806 2321 962 2398 decenter,
1027 2360 1030 2369 ·

107 2428 233 2491 quoque
250 2407 359 2508 volunt
377 2408 501 2492 plorant
518 2418 659 2492 tempore
677 2427 803 2491 quoque
821 2405 924 2470 modo.

64 2492 156 2576 quid,
175 2512 247 2555 oum
264 2493 294 2556 le
329 2492 405 2555 tima
422 2491 587 2556 fraudatur
603 2491 706 2557 littera
723 2513 811 2567 voce,

107 2578 277 2660 blaesaque
294 2515 328 2640 dl
347 2576 433 2641 iusso
450 2577 560 2663 lingua
577 2586 685 2641 coacta
702 2576 798 2641 sono?

525 979 660 1041 cumque
677 959 833 1057 loquetur,
1095 976 1144 1026 275
1259 992 1262 999 ·

63 2663 96 2728 in
115 2663 192 2727 vitio
210 2663 305 2727 decor
322 2672 383 2739 est,
402 2663 557 2746 quaedam
575 2663 657 2726 male
674 2661 805 2726 reddere
823 2661 935 2726 verba:
1099 2681 1148 2731 095
1211 2704 1212 2708 =
1282 2702 1285 2707 ·

107 2747 231 2812 discunt
249 2769 341 2848 posse
358 2748 476 2825 minus,
495 2769 589 2831 quam
606 2758 752 2832 potuere,
769 2747 866 2833 loqui.

64 2833 212 2899 omnibus
229 2832 293 2911 lus,
312 2833 462 2916 quoniam
479 2844 624 2918 prosunt,
642 2832 802 2917 inpendite
820 2854 938 2896 curam.

108 2919 218 2983 discite
235 2917 371 2985 femineo
390 2940 522 3003 corpora
538 2919 619 2983 ferre
637 2917 749 3004 gradu.

65 3016 114 3071 est
131 3015 162 3068 et
179 3004 211 3067 in
231 3004 356 3068 incessu
363 3026 445 3153 ¹pars
463 3026 527 3068 non
545 3013 724 3088 contempta
741 3001 876 3067 decoris:

108 3089 205 3154 allicit
221 3089 345 3173 ignotos
365 3090 372 3105 ⁸
398 3112 416 3154 e
433 3089 587 3175 fugatque
604 3088 698 3153 viros.
1102 3108 1152 3158 300

64 3174 145 3239 haec
162 3185 269 3238 movet
286 3187 352 3239 arte
369 3175 452 3239 latus
470 3175 647 3258 tunicisque
664 3173 833 3238 fluentibus
851 3195 944 3262 auras

109 3259 238 3344 accipit,
256 3270 401 3324 extensos
419 3259 543 3344 fertque
561 3259 698 3345 superba
714 3258 826 3344 pedes:

65 3347 120 3411 illa
137 3345 224 3410 velut
242 3346 379 3410 coniunx
396 3344 513 3410 Umbri
529 3344 706 3408 rubicunda
724 3343 827 3407 mariti

109 3430 251 3495 ambulat
267 3430 404 3516 ingentis
421 3431 528 3495 varica
544 3430 668 3530 fertque
686 3429 814 3514 gradus.

68 3517 124 3582 sed
141 3515 195 3592 sit,
213 3526 248 3579 ut
265 3515 298 3579 in
316 3515 447 3593 cunctis,
465 3516 578 3579 modus
595 3514 647 3579 luc
665 3536 800 3598 quoque.
835 3513 971 3580 rusticus
989 3514 1068 3580 alter
1102 3535 1150 3585 305

110 3613 229 3676 motus,
248 3621 395 3665 concesso
414 3600 537 3665 mollior
554 3601 632 3664 alter
650 3599 717 3664 erit.

68 3708 141 3773 pars
158 3686 259 3750 umeri
277 3697 382 3750 tamen
398 3685 463 3750 ima
479 3686 540 3762 tui,
558 3708 631 3786 pars
649 3707 772 3749 summa
788 3683 898 3749 lacerti

110 3771 198 3836 nuda
215 3770 268 3848 sit,
287 3794 307 3834 a
323 3771 415 3836 laeva
432 3771 651 3857 conspiclenda
667 3793 773 3834 manu.

70 3858 130 3922 boc
148 3878 204 3920 vos
222 3857 403 3941 praecipue,
421 3855 547 3934 niveae,
566 3856 665 3921 decet.
709 3855 768 3919 hoc
786 3853 842 3918 ubi
858 3853 934 3930 vidi,
1276 3904 1285 3949 ·.¹

113 3943 222 4007 oscula
239 3942 321 4007 ferre
339 3962 462 4018 umero,
481 3963 545 4027 qua
562 3952 649 4027 patet
665 3962 781 4023 usque,
799 3938 886 4004 libet.
903 3974 947 3987 -
1104 3958 1152 4019 010

70 4040 210 4093 monstra
227 4028 322 4091 maris
341 4025 468 4093 Sirenes
486 4039 589 4102 erant,
607 4048 690 4112 quae
707 4046 784 4091 voce
802 4045 918 4096 canora
1127 4044 1129 4050 ’
1266 4024 1284 4045 “’
