2604 4974
220 816 264 881 32
560 830 593 884 Ρ.
613 829 723 886 OVIDl
739 828 902 887 NASONIS

262 952 341 1017 vidit
358 964 389 1018 et
406 953 440 1017 in
457 954 586 1038 speculo
605 953 748 1038 coniugis
766 977 854 1018 arma
872 955 931 1018 sui.

218 1039 298 1104 haec
315 1050 422 1104 tamen
440 1038 611 1103 audieram.
655 1040 744 1103 licuit
760 1061 825 1104 non
843 1041 970 1105 credere
986 1039 1101 1117 famae,

153 1143 201 1192 120
262 1135 294 1190 et
310 1124 398 1190 venit
416 1124 457 1189 ad
475 1147 585 1189 sensus
603 1125 706 1189 mollis
725 1125 765 1189 ab
784 1148 859 1191 aure
878 1127 981 1190 dolor:
999 1162 1043 1173 -

219 1222 291 1276 ante
309 1231 397 1276 meos
414 1210 522 1276 oculos
540 1210 707 1275 adducitur
724 1211 846 1276 advena
863 1212 985 1296 paelex,

260 1318 320 1361 nec
337 1296 428 1373 mihi,
448 1317 529 1379 quae
546 1297 658 1381 patior,
677 1296 875 1361 dissimulare
893 1297 975 1362 licet.

217 1405 283 1448 non
300 1381 377 1447 sinis
395 1382 503 1447 averti.
547 1382 685 1447 mediam
703 1382 829 1467 captiva
844 1405 902 1468 per
917 1383 1031 1448 urbem

259 1467 367 1533 invitis
385 1468 484 1533 oculis
503 1467 685 1552 aspicienda
702 1467 799 1532 venit.

155 1573 200 1621 125
218 1577 278 1620 nec
295 1553 382 1618 venit
398 1553 523 1617 incultis
542 1565 706 1639 captarum
723 1575 811 1618 more
830 1554 961 1639 capillis,

261 1641 420 1705 fortunam
438 1639 528 1703 vultu
545 1639 631 1704 fassa
648 1650 772 1704 tacente
790 1662 890 1704 suam.

218 1725 395 1812 ingreditur
411 1725 474 1789 late
491 1725 555 1790 lato
574 1725 754 1810 spectabilis
772 1747 860 1801 auro,

262 1811 397 1896 qualiter
413 1810 447 1874 in
463 1809 607 1896 Phrygia
623 1821 659 1875 tu
677 1832 803 1895 quoque
821 1811 924 1876 cultus
942 1835 1022 1877 eras.

220 1899 275 1962 dat
292 1897 416 1961 vultum
431 1896 550 1983 populo
569 1896 726 1973 sublimis,
745 1908 781 1961 ut
798 1898 938 1962 Hercule
957 1898 1040 1962 victo

155 1999 202 2048 100
263 1980 451 2048 Oechaliam
468 1982 541 2046 vivo
559 1993 642 2047 stare
659 1990 790 2068 parente
807 1994 910 2068 putes.

219 2070 350 2135 forsitan
368 2079 399 2133 et
406 2067 509 2218 spulsa
526 2069 675 2133 Aetolide
691 2068 845 2134 Deianira

261 2154 388 2219 nomine
428 2154 549 2239 eposito
566 2154 696 2238 paelicis
714 2177 795 2218 uxor
813 2155 885 2218 erit:

218 2239 455 2326 Eurytidosque
473 2239 557 2304 Ioles
575 2251 671 2322 atque
687 2241 785 2303 Aonii
803 2239 937 2304 Alcidae

260 2326 366 2412 turpia
382 2325 524 2391 famosus
541 2346 674 2410 corpora
690 2325 801 2410 iunget
818 2326 958 2409 Hymen.

154 2427 200 2478 135
218 2435 308 2478 mens
325 2411 409 2498 fugit
426 2410 603 2485 admonitu,
621 2411 786 2495 frigusque
803 2410 1002 2496 perambulat
1019 2423 1115 2490 011110,

261 2510 292 2564 01
309 2497 392 2562 10001
408 2497 442 2561 111
459 2496 581 2582 gremio
598 2497 750 2581 languida
767 2495 852 2560 10010
869 2519 991 2560 manus.

217 2608 269 2650 me
288 2604 414 2667 quoque
433 2604 505 2647 cum
523 2581 644 2658 multis,
663 2582 720 2646 sed
737 2605 788 2646 me
805 2582 873 2646 sine
892 2582 1020 2648 crimine
1039 2584 1163 2648 amasti.

259 2693 301 2735 ne
318 2669 440 2755 pigeat,
458 2689 586 2753 pugnae
603 2667 654 2730 bis
670 2666 728 2730 tibi
746 2689 842 2732 causa
858 2667 916 2732 fui.

219 2777 337 2821 cornua
353 2755 432 2819 flens
450 2753 528 2839 legit
543 2753 620 2837 ripis
638 2753 801 2818 Achelous
817 2753 852 2816 in
868 2756 939 2818 udis

155 2856 201 2906 140
261 2852 435 2924 truncaque
452 2839 565 2904 limosa
582 2849 726 2924 tempora
742 2839 851 2903 mersit
868 2861 960 2922 aqua.

219 2927 347 2993 semivir
363 2924 513 2990 occubuit
528 2924 563 2989 in
579 2924 703 2990 letifero
721 2923 834 2990 Eueno

260 3013 397 3089 Nessus,
415 3022 447 3077 01
463 3010 574 3076 infecit
591 3011 720 3096 sangnis
738 3011 874 3094 equinus
891 3033 1000 3095 aquas.
1018 3049 1061 3059 -

217 3099 274 3164 sed
292 3097 369 3183 quid
386 3118 447 3182 ego
464 3096 544 3162 haec
561 3096 684 3162 refero?
709 3096 859 3162 scribenti
875 3099 987 3161 nuntia
1004 3098 1090 3162 venit

259 3184 359 3261 fama,
377 3184 481 3248 virum
499 3182 625 3248 tunicae
643 3183 716 3248 tabe
734 3182 836 3268 perire
853 3206 953 3248 meae

151 3289 199 3338 145
218 3271 247 3334 01
263 3269 355 3347 mihi,
374 3269 451 3353 quid
467 3269 549 3334 feci?
566 3290 629 3352 quo
647 3292 698 3333 me
716 3268 805 3333 111101
821 3270 887 3354 egit
904 3270 1082 3334 amantem?

259 3355 358 3440 impia
374 3355 452 3438 quid
469 3354 596 3419 dubitas
613 3355 767 3419 Deianira
783 3356 882 3419 mori?

217 3452 349 3507 antuus
366 3440 399 3505 in
416 3440 522 3506 media
539 3440 677 3505 coniunx
694 3440 884 3505 lacerabitur
902 3438 997 3518 Oeta,

260 3538 295 3592 tu
313 3526 438 3592 sceleris
456 3525 537 3591 tanti
555 3548 651 3590 causa
668 3537 826 3610 superstes
845 3527 925 3590 eris?

217 3613 323 3697 siquid
341 3613 445 3677 adhuc
461 3612 564 3676 habeo
582 3611 673 3687 10011,
692 3633 749 3675 0111
765 3612 915 3676 Herculis
933 3635 1014 3676 uxor

151 3720 199 3769 150
260 3700 380 3777 credar,
399 3697 539 3783 coniugii
556 3719 641 3761 mors
659 3696 737 3760 mihi
754 3697 871 3782 pignus
890 3699 957 3762 erit.

216 3795 252 3849 tu
269 3806 396 3868 quoque
415 3805 586 3870 cognosces
605 3783 638 3846 in
656 3805 722 3859 mc,
739 3783 914 3868 Meleagre‚
933 3807 1082 3848 sororem.

259 3871 356 3957 impia
374 3870 452 3954 quid
470 3869 597 3934 dubitas
614 3868 768 3933 Deianira
784 3870 884 3933 mori?

217 3957 279 4021 heu
298 3957 412 4022 devota
431 3953 558 4020 domusl
586 3955 664 4018 solio
683 3954 771 4019 sedet
787 3954 907 4040 Agrios
926 3957 1004 4020 alto:

260 4039 372 4107 Oenea
390 4042 549 4106 desertum
566 4041 653 4104 nuda
670 4051 798 4105 senecta
814 4043 943 4126 premit:

151 4149 198 4197 155
217 4128 324 4193 01111101
340 4128 457 4213 ignotis
475 4127 606 4212 Tydeus
622 4149 794 4212 germanus
810 4128 844 4192 iu
861 4129 938 4193 oris:

259 4215 339 4278 alter
355 4214 445 4277 fatali
461 4213 554 4278 vivus
571 4213 604 4276 in
621 4213 696 4298 igne
714 4212 788 4277 fuit:

217 4300 323 4385 exegit
340 4299 459 4364 ferrum
478 4322 536 4363 sua
552 4321 610 4384 per
649 4298 812 4363 raecordia
828 4309 938 4363 mater.

258 4385 356 4470 impia
373 4383 450 4469 quid
468 4384 593 4449 dubitas
611 4322 765 4450 1101011110
781 4383 880 4448 mori?

217 4470 369 4557 deprecor
385 4471 446 4535 hoc
463 4494 563 4535 unum
580 4470 723 4554 periura
740 4469 910 4535 sacerrima
925 4470 1009 4546 lecti,

151 4575 200 4629 160
259 4579 299 4621 110
317 4556 425 4622 videar
442 4557 515 4620 10110
533 4556 681 4620 insidiata
698 4556 771 4620 tuis.

206 4642 335 4709 Nessus
353 4654 389 4708 ut
405 4654 453 4709 est
471 4642 601 4709 avidum
618 4663 787 4730 percussus
805 4641 959 4708 arundine
975 4653 1097 4729 pectus,

623 4882 634 4941 i
