2604 4974
205 770 247 837 70
540 782 574 840 P.
593 784 702 842 OVIDI
720 784 884 841 NASONIS

151 933 184 982 eo
243 909 392 976 bracchia
408 932 494 975 nunc
510 909 627 974 umeris
645 909 754 973 umida
770 910 854 974 ferre
870 910 963 974 meis:

199 1018 285 1062 nunc
302 997 392 1073 dare,
410 1018 493 1081 quae
510 996 610 1072 soleo,
628 995 762 1058 madidis
781 995 937 1059 velamina
954 994 1114 1070 membris,

243 1098 371 1167 pectora
388 1103 473 1145 nunc
490 1081 598 1145 iuncto
614 1096 722 1144 nostra
738 1080 846 1145 fovere
864 1082 945 1156 sinu,

201 1169 362 1250 multaque
381 1179 544 1252 praeterea
560 1167 670 1251 lingua
687 1166 847 1230 reticenda
862 1166 1015 1240 modeste,

242 1273 325 1336 quae
342 1252 456 1317 fecisse
472 1252 575 1327 iuvat,
593 1253 678 1315 facta
694 1251 812 1316 referre
828 1252 937 1336 pudet.

149 1358 182 1409 ot
199 1361 251 1404 me
268 1337 431 1403 miseram!
459 1337 564 1401 brevis
582 1350 628 1400 est
647 1337 725 1402 haec
742 1350 775 1401 et
790 1358 855 1401 non
872 1359 948 1402 vera
964 1337 1121 1422 voluptas.

241 1447 317 1489 uam
334 1436 369 1488 tu
386 1446 459 1488 cum
478 1445 588 1486 somno
605 1444 731 1507 semper
747 1422 834 1486 abire
852 1423 945 1488 soles.

200 1509 322 1574 firmius
339 1532 359 1573 o
377 1508 485 1594 cupidi
502 1509 631 1573 tandem
648 1529 797 1572 coeamus
813 1520 965 1586 amantes,

242 1617 302 1660 nec
319 1608 446 1659 careant
465 1616 540 1658 vera
556 1594 675 1679 gaudia
691 1608 799 1657 nostra
815 1594 888 1659 fide.

200 1702 257 1745 cur
274 1703 334 1766 ego
344 1694 399 1744 tot
415 1680 527 1744 viduas
545 1680 638 1764 exegi
655 1679 772 1763 frigida
787 1679 915 1743 noctes?

149 1788 182 1836 to
243 1788 300 1830 cur
317 1766 431 1830 totiens
449 1789 468 1828 a
484 1788 552 1841 me,
569 1765 654 1830 lente
670 1776 805 1841 natator,
822 1766 918 1829 abes?

199 1863 247 1916 est
263 1874 365 1928 mare,
383 1851 544 1928 confiteor,
561 1851 703 1915 nondum
720 1851 884 1915 tractabile
900 1851 1005 1915 nantiz

241 1950 334 2002 nocte
352 1937 409 2001 sed
425 1936 573 2001 hesterna
589 1936 689 2000 lenior
706 1959 785 2000 aura
801 1936 872 2000 fuit.

199 2045 256 2087 cur
273 2045 311 2087 ea
349 2022 496 2087 raeterita
513 2023 580 2087 est?
605 2044 663 2086 cur
679 2044 744 2086 non
761 2039 894 2086 ventura
910 2022 1063 2088 timebas?

240 2122 306 2172 tam
324 2045 408 2172 bona
425 2130 482 2172 cur
498 2108 592 2192 periit
608 2129 667 2172 nec
684 2107 742 2171 tibi
759 2119 851 2192 rapta
868 2108 920 2172 via
937 2108 1004 2172 est?

148 2215 180 2264 75
198 2194 342 2278 protinus
359 2205 395 2257 ut
411 2193 520 2257 similis
538 2194 630 2257 detur
647 2193 704 2256 tibi
722 2194 814 2277 copia
831 2215 951 2270 cursus,

242 2280 303 2343 hoc
319 2279 431 2344 melior
448 2290 546 2355 certe,
565 2299 628 2361 quo
644 2278 745 2378 prior,
762 2278 817 2342 illa
833 2277 905 2342 fuit.

189 2368 246 2428 '‘at
264 2364 326 2428 cito
342 2375 465 2428 mutata
482 2374 530 2428 est
546 2364 655 2427 iactati
671 2364 775 2427 forma
791 2364 959 2448 profundi’

240 2462 395 2535 tempore,
414 2471 487 2514 oum
503 2471 667 2534 properas,
685 2471 780 2534 saepe
797 2450 918 2514 minore
935 2451 1037 2514 venis!

199 2535 251 2600 hic
268 2547 345 2621 puto
364 2536 538 2620 deprensus
554 2535 599 2598 nil
616 2534 702 2617 quod
720 2535 893 2618 querereris
912 2535 1054 2614 haberes,

148 2643 182 2692 80
241 2643 355 2705 meque
372 2620 430 2685 tibi
448 2620 593 2704 amplexo
610 2621 699 2683 nulla
715 2633 843 2686 noceret
858 2620 991 2706 hiemps.

199 2718 283 2772 certe
300 2728 361 2792 ego
379 2718 447 2770 tum
465 2717 576 2770 ventos
593 2706 734 2770 audirem
751 2706 835 2771 laeta
851 2707 991 2771 sonantis

241 2805 273 2857 et
289 2813 462 2876 numquam
479 2791 620 2876 placidas
639 2814 708 2856 esse
725 2814 871 2876 precarer
887 2812 996 2875 aquas.

198 2878 276 2961 quid
293 2890 399 2942 tamen
416 2878 536 2954 evenit,
554 2898 611 2941 cur
628 2877 671 2941 sis
688 2879 877 2942 metuentior
893 2878 998 2942 undae

241 2975 519 3048 contemptumque
536 2963 624 3048 prius
640 2985 726 3027 nunc
743 2985 871 3029 vereare
887 2963 1024 3028 fretum?

147 3071 179 3120 85
197 3072 273 3113 nam
289 3049 418 3114 memini
436 3070 508 3112 cum
526 3059 558 3112 te
575 3071 705 3113 saevum
723 3050 869 3114 veniente
886 3049 1056 3132 minaxque

241 3156 305 3199 non
322 3135 440 3210 minus,
459 3144 514 3198 aut
531 3135 630 3199 multo
647 3156 712 3198 non
728 3135 848 3212 minus,
867 3156 986 3218 aequor
1002 3147 1083 3200 erat:

198 3244 271 3286 cum
289 3220 346 3285 tibi
364 3220 540 3284 clamabam
558 3220 618 3284 ‘sic
634 3231 671 3284 tu
687 3221 871 3285 temerarius
888 3233 965 3296 esto,

240 3329 280 3371 ne
297 3305 430 3370 miserae
447 3306 547 3370 virtus
565 3306 606 3370 sit
622 3316 679 3369 tua
695 3306 800 3371 flenda
816 3306 913 3369 mihi.'

198 3391 283 3456 unde
300 3413 402 3456 novus
419 3390 513 3455 timor
529 3390 595 3468 hic,
613 3412 740 3474 quoque
756 3391 811 3456 illa
828 3391 961 3455 audacia
978 3393 1079 3478 fugit?

148 3499 181 3549 90
241 3499 376 3563 magnus
393 3476 450 3541 ubi
467 3487 514 3541 est
532 3477 643 3562 spretis
660 3476 712 3541 ille
729 3488 855 3540 natator
872 3476 981 3560 aquis?

198 3563 240 3628 sis
257 3575 363 3629 tamen
379 3562 440 3626 hoc
456 3562 576 3647 potius,
594 3582 691 3644 quam
708 3563 794 3644 quod
811 3562 898 3647 prius
917 3585 986 3627 esse
1003 3564 1137 3640 solebas,

240 3660 272 3714 et
288 3648 387 3713 facias
404 3647 564 3748 placidum
581 3669 638 3732 per
653 3668 740 3712 mare
757 3661 845 3712 tutus
861 3648 935 3712 iter:

197 3734 368 3800 dummodo
387 3756 429 3797 s1s
446 3733 545 3808 idem3
564 3732 717 3806 dumam,
736 3747 771 3797 ut
789 3733 912 3808 scribis,
931 3756 1082 3810 amemur,

238 3822 427 3902 flammaque
445 3839 509 3881 non
526 3818 582 3882 fiat
599 3817 733 3902 frigidus
750 3819 804 3883 illa
821 3819 909 3883 cinis.

148 3926 180 3974 95
197 3928 262 3971 non
279 3927 339 3991 ego
357 3919 421 3968 tam
440 3914 551 3969 ventos
569 3903 664 3968 timeo
681 3926 753 3968 mea
770 3919 844 3969 vota
862 3916 1029 3982 morantes,

239 4013 335 4076 quam
354 3990 463 4053 similis
480 4000 575 4054 vento
592 4012 632 4054 ne
651 4000 724 4054 tuus
742 4001 824 4055 erret
842 4011 943 4066 amor;

197 4099 238 4143 ne
255 4098 319 4140 non
336 4075 396 4140 sim
413 4075 506 4152 tanti,
524 4088 736 4160 superentque
753 4075 893 4160 pericula
910 4097 1048 4153 causam,

240 4178 272 4226 et
289 4161 398 4226 videar
414 4183 535 4225 merces
553 4182 621 4225 esse
638 4161 747 4226 labore
764 4161 875 4225 minor.

197 4247 355 4312 interdum
373 4259 494 4323 metuo,
512 4247 614 4331 patria
630 4269 671 4311 ne
688 4247 811 4322 laedar,
830 4257 862 4311 et
878 4245 971 4331 inpar

132 4354 181 4405 100
242 4331 330 4397 dicar
346 4332 505 4416 Abydeno
522 4331 662 4396 Thressa
678 4332 785 4415 puella
801 4343 879 4395 toro.

198 4417 280 4483 ferre
297 4428 405 4518 tamen
420 4439 550 4502 possum
566 4416 736 4502 patientius
754 4418 872 4492 omnia,
890 4439 987 4501 quam
1004 4417 1032 4481 si

240 4504 305 4569 otia
321 4523 507 4603 nescioquo
524 4502 644 4603 paelice
662 4514 774 4587 captus
791 4503 870 4603 agis,

83 4616 87 4629 ¹
192 4588 230 4659 iu
248 4600 305 4657 tua
320 4588 349 4657 ri
365 4600 497 4657 vemuut
513 4589 608 4655 ehem
624 4588 706 4655 oolla
721 4589 841 4666 luceru,
