2604 4974
247 740 312 807 220
337 752 490 810 POETAE
508 752 687 811 OVIDIANI
704 751 854 818 SAPPHO
871 752 1021 811 PHAONI
1037 754 1184 811 alo-220.

179 898 230 950 210
289 877 350 944 hoc
367 888 412 955 te,
431 877 458 942 si
475 898 617 963 saperes,
632 876 732 955 lente,
751 877 884 944 decebat
901 900 993 964 opus.

247 963 314 1030 sive
332 964 429 1040 redis,
448 986 514 1048 pup
537 962 611 1046 ique
629 974 703 1028 tuae
722 962 829 1028 votiva
846 975 998 1050 parantur

289 1072 436 1125 munera,
454 986 536 1132 quid
548 1049 669 1113 laceras
687 1062 815 1134 pectora
831 1062 940 1114 nostra
957 1050 1065 1114 mora?

247 1136 334 1200 solve
352 1133 466 1200 rateml
493 1134 605 1199 Venus
623 1144 693 1199 orta
709 1134 790 1199 mari
807 1158 894 1201 mare
911 1146 1051 1221 praestat
1068 1136 1199 1201 amanti.

290 1244 367 1286 aura
385 1220 473 1285 dabit
490 1241 632 1296 cursum,
650 1233 683 1285 tu
704 1220 798 1285 modo
815 1222 902 1286 solve
920 1232 1031 1286 ratem.

180 1328 229 1377 215
248 1306 316 1393 ipse
333 1305 524 1392 gubernabit
541 1305 682 1370 residens
699 1304 733 1370 in
750 1329 857 1392 puppe
876 1305 1017 1392 Cupido:

288 1393 357 1478 ipse
375 1390 463 1456 dabit
480 1402 588 1455 tenera
605 1392 677 1456 vela
693 1391 841 1477 legetque
859 1415 966 1457 manu.

248 1477 314 1544 sive
331 1477 420 1542 iuvat
437 1478 531 1563 louge
549 1475 670 1561 fugisse
687 1477 859 1564 Pelasgida
877 1478 1031 1564 Sapphon

290 1562 364 1647 (nec
381 1574 486 1628 tamen
504 1562 661 1639 invenies,
680 1584 737 1627 cur
754 1586 814 1648 ego
833 1564 930 1649 digna
946 1564 1050 1650 fuga),

247 1649 308 1715 hoc
325 1648 437 1713 saltem
453 1647 587 1712 miserae
605 1648 740 1713 crudelis
758 1649 890 1735 epistola
908 1648 1002 1726 dicat,

179 1750 231 1806 220
289 1747 326 1799 ut
342 1733 422 1798 mihi
436 1732 619 1798 Leucadiae
637 1733 704 1799 fata
720 1746 868 1819 petantur
886 1756 997 1819 aquae.

440 2558 713 2644 ΡΟΕΤΑΕ
759 2559 1086 2645 OVIDIANI

696 2762 825 2829 uox.

251 3020 326 3086 Nux
344 3043 403 3106 ego
420 3019 528 3086 iuncta
546 3020 630 3098 viae,
649 3043 722 3086 cum
740 3020 799 3083 sim
819 3020 885 3085 sine
904 3019 1033 3085 crimine
1052 3019 1146 3096 vitae,

293 3106 447 3192 apopulo
464 3106 548 3171 saxis
566 3115 784 3192 praetereunte
804 3120 902 3190 petor.

251 3192 384 3257 obruere
401 3191 463 3256 ista
480 3192 559 3257 solet
575 3190 759 3256 manifestos
777 3213 880 3276 poena
897 3201 1056 3267 nocentes,

294 3277 421 3363 publica
439 3299 512 3342 cum
529 3278 647 3342 lentam
665 3299 728 3341 non
747 3276 831 3361 capit
847 3277 895 3343 ira
911 3298 1042 3340 moram.

218 3386 233 3433 s
251 3363 295 3427 nil
313 3385 373 3448 ego
391 3362 534 3448 peccavi:
553 3363 614 3426 nisi
632 3362 658 3426 si
676 3383 808 3447 peccare
827 3372 957 3427 vocetur

294 3471 399 3513 annua
417 3448 529 3512 cultori
547 3471 642 3533 poma
659 3447 775 3512 referre
793 3468 861 3512 suc.

252 3545 284 3598 at
301 3533 388 3619 prius
406 3533 585 3610 arboribus,
603 3548 678 3599 tunc
697 3555 769 3597 cum
787 3532 917 3597 meliora
933 3531 1060 3597 fuerunt

294 3631 451 3704 tempora,
471 3630 629 3685 certamen
646 3618 815 3682 fertilitatis
835 3630 911 3682 erat.

252 3715 327 3769 tuuc
345 3704 463 3768 domini
482 3724 635 3769 memores
654 3704 744 3768 sertis
762 3724 873 3768 ornare
892 3703 1035 3767 solebant

204 3812 235 3861 lo
295 3789 449 3876 agricolas
467 3789 572 3854 fructu
612 3790 793 3854 reveniente
812 3789 897 3854 deos.

252 3897 347 3961 saepe
365 3886 435 3939 tuas
453 3874 559 3961 igitur,
577 3812 686 3951 fiber,
705 3875 836 3939 miratus
854 3897 888 3940 es
906 3897 998 3938 uvas:

294 3961 407 4025 mirata
424 3976 472 4025 est
489 3962 575 4026 oleas
594 3983 688 4046 saepe
705 3961 854 4025 Minerva
871 3983 954 4025 suas.

251 4068 409 4133 pomaque
426 4046 590 4112 laesissent
607 4059 750 4122 matrem,
768 4047 829 4110 nisi
847 4045 973 4110 subdita
989 4066 1077 4109 ramo

295 4132 392 4218 longa
408 4131 565 4197 laboranti
582 4132 672 4197 furca
690 4132 813 4197 tulisset
830 4153 932 4216 opem.

81 4157 236 4624 Nlo
252 4217 331 4301 quin
348 4217 443 4283 etiam
460 4219 605 4303 exemplo
623 4218 766 4302 pariebat
782 4216 901 4282 femina
917 4225 1034 4292 nostro,

293 4304 445 4387 nullaque
462 4327 526 4368 non
543 4304 597 4369 illo
615 4316 755 4388 tempore
772 4314 873 4367 mater
891 4312 966 4367 erat.

186 4382 198 4417 '¹'
253 4398 287 4455 at
303 4399 471 4474 postquam
489 4389 624 4474 platanis
643 4389 778 4453 sterilem
797 4387 1021 4537 praebentibus
1037 4382 1184 4449 umbram

295 4473 422 4539 uberior
438 4474 551 4558 quavis
568 4474 681 4540 arbore
699 4474 785 4541 venit

251 4580 311 4629 uos
328 4580 456 4651 quoque
472 4559 660 4649 frugiferae,
677 4560 704 4627 si
721 4582 788 4629 nux
804 4558 899 4625 modo
916 4579 1017 4649 ponor
1033 4556 1067 4623 in
1083 4554 1154 4635 illis,

824 4495 912 4552 onor,
