<?xml version="1.0" encoding="UTF-8"?>
<!DOCTYPE html PUBLIC "-//W3C//DTD XHTML 1.0 Transitional//EN"
    "http://www.w3.org/TR/xhtml1/DTD/xhtml1-transitional.dtd">
<html xmlns="http://www.w3.org/1999/xhtml" xml:lang="en" lang="en">
 <head>
  <title>
</title>
<meta http-equiv="Content-Type" content="text/html;charset=utf-8" />
  <meta name='ocr-system' content='tesseract 3.04.00' />
  <meta name='ocr-capabilities' content='ocr_page ocr_carea ocr_par ocr_line ocrx_word'/>
</head>
<body>
  <div class='ocr_page' id='page_1' title='image "./carmina04ovidgoog_0152.png"; bbox 0 0 2604 4974; ppageno 0'>
   <div class='ocr_carea' id='block_1_1' title="bbox 249 235 1083 323">
    <p class='ocr_par' dir='ltr' id='par_1_1' title="bbox 249 235 1083 323">
     <span class='ocr_line' id='line_1_1' title="bbox 249 235 1083 323; baseline -0.007 -15"><span class='ocrx_word' id='word_1_1' title='bbox 249 253 417 312; x_wconf 74' lang='lat' dir='ltr'>suorum</span> <span class='ocrx_word' id='word_1_2' title='bbox 433 254 506 309; x_wconf 79' lang='lat' dir='ltr'>ma</span> <span class='ocrx_word' id='word_1_3' title='bbox 525 255 578 310; x_wconf 88' lang='lat'>111.</span> <span class='ocrx_word' id='word_1_4' title='bbox 597 253 662 323; x_wconf 83' lang='lat' dir='ltr'>vn,</span> <span class='ocrx_word' id='word_1_5' title='bbox 680 253 829 319; x_wconf 80' lang='lat' dir='ltr'><strong>22-an</strong></span> <span class='ocrx_word' id='word_1_6' title='bbox 847 253 889 308; x_wconf 79' lang='lat'>22.</span> <span class='ocrx_word' id='word_1_7' title='bbox 1020 235 1083 303; x_wconf 78' lang='lat'>129</span> 
     </span>
    </p>
   </div>
   <div class='ocr_carea' id='block_1_2' title="bbox 57 377 959 2010">
    <p class='ocr_par' dir='ltr' id='par_1_2' title="bbox 100 377 730 464">
     <span class='ocr_line' id='line_1_2' title="bbox 100 377 730 464; baseline -0.003 -22"><span class='ocrx_word' id='word_1_8' title='bbox 100 377 243 464; x_wconf 84' lang='lat' dir='ltr'>turpiter,</span> <span class='ocrx_word' id='word_1_9' title='bbox 263 377 411 443; x_wconf 86' lang='lat' dir='ltr'>hesterna</span> <span class='ocrx_word' id='word_1_10' title='bbox 427 378 627 464; x_wconf 81' lang='lat' dir='ltr'>languidiora</span> <span class='ocrx_word' id='word_1_11' title='bbox 644 399 730 441; x_wconf 87' lang='lat' dir='ltr'>rosa:</span> 
     </span>
    </p>

    <p class='ocr_par' dir='ltr' id='par_1_3' title="bbox 58 462 934 634">
     <span class='ocr_line' id='line_1_3' title="bbox 58 462 934 550; baseline -0.001 -23"><span class='ocrx_word' id='word_1_12' title='bbox 58 485 140 547; x_wconf 90' lang='lat' dir='ltr'>quae</span> <span class='ocrx_word' id='word_1_13' title='bbox 158 485 259 540; x_wconf 91' lang='lat' dir='ltr'>nunc,</span> <span class='ocrx_word' id='word_1_14' title='bbox 278 486 365 539; x_wconf 90' lang='lat' dir='ltr'>ecce,</span> <span class='ocrx_word' id='word_1_15' title='bbox 383 464 493 549; x_wconf 87' lang='lat' dir='ltr'>vigent</span> <span class='ocrx_word' id='word_1_16' title='bbox 510 462 732 550; x_wconf 86' lang='lat' dir='ltr'>intempestiva</span> <span class='ocrx_word' id='word_1_17' title='bbox 750 463 934 545; x_wconf 80' lang='lat' dir='ltr'><strong>valentque:</strong></span> 
     </span>
     <span class='ocr_line' id='line_1_4' title="bbox 101 551 824 634; baseline -0.001 -21"><span class='ocrx_word' id='word_1_18' title='bbox 101 571 188 613; x_wconf 89' lang='lat' dir='ltr'>nune</span> <span class='ocrx_word' id='word_1_19' title='bbox 205 570 286 634; x_wconf 85' lang='lat' dir='ltr'>opus</span> <span class='ocrx_word' id='word_1_20' title='bbox 304 562 480 634; x_wconf 88' lang='lat' dir='ltr'>exposcunt</span> <span class='ocrx_word' id='word_1_21' title='bbox 498 551 705 633; x_wconf 83' lang='lat' dir='ltr'>militiamque</span> <span class='ocrx_word' id='word_1_22' title='bbox 723 571 824 613; x_wconf 88' lang='lat' dir='ltr'>suam.</span> 
     </span>
    </p>

    <p class='ocr_par' dir='ltr' id='par_1_4' title="bbox 58 633 928 808">
     <span class='ocr_line' id='line_1_5' title="bbox 58 633 928 721; baseline -0.001 -23"><span class='ocrx_word' id='word_1_23' title='bbox 58 634 137 718; x_wconf 91' lang='lat' dir='ltr'>quin</span> <span class='ocrx_word' id='word_1_24' title='bbox 154 634 225 699; x_wconf 90' lang='lat' dir='ltr'>istic</span> <span class='ocrx_word' id='word_1_25' title='bbox 242 635 430 721; x_wconf 89' lang='lat' dir='ltr'>pudibunda</span> <span class='ocrx_word' id='word_1_26' title='bbox 446 636 545 712; x_wconf 86' lang='lat' dir='ltr'>iaces,</span> <span class='ocrx_word' id='word_1_27' title='bbox 564 658 637 720; x_wconf 89' lang='lat' dir='ltr'>pars</span> <span class='ocrx_word' id='word_1_28' title='bbox 655 635 793 721; x_wconf 89' lang='lat' dir='ltr'>pessima</span> <span class='ocrx_word' id='word_1_29' title='bbox 809 633 928 698; x_wconf 83' lang='lat' dir='ltr'>nostri?</span> 
     </span>
     <span class='ocr_line' id='line_1_6' title="bbox 102 720 763 808; baseline 0 -24"><span class='ocrx_word' id='word_1_30' title='bbox 102 721 148 784; x_wconf 93' lang='lat' dir='ltr'>sie</span> <span class='ocrx_word' id='word_1_31' title='bbox 165 743 237 787; x_wconf 88' lang='lat' dir='ltr'>sum</span> <span class='ocrx_word' id='word_1_32' title='bbox 254 721 400 807; x_wconf 78' lang='lat' dir='ltr'>pollicitis</span> <span class='ocrx_word' id='word_1_33' title='bbox 418 733 530 808; x_wconf 90' lang='lat' dir='ltr'>captus</span> <span class='ocrx_word' id='word_1_34' title='bbox 549 732 671 786; x_wconf 85' lang='lat' dir='ltr'>etanta</span> <span class='ocrx_word' id='word_1_35' title='bbox 689 720 763 785; x_wconf 90' lang='lat' dir='ltr'>tuis.</span> 
     </span>
    </p>

    <p class='ocr_par' dir='ltr' id='par_1_5' title="bbox 57 805 854 979">
     <span class='ocr_line' id='line_1_7' title="bbox 57 805 854 893; baseline 0.001 -24"><span class='ocrx_word' id='word_1_36' title='bbox 57 816 93 870; x_wconf 91' lang='lat' dir='ltr'>tu</span> <span class='ocrx_word' id='word_1_37' title='bbox 112 805 276 870; x_wconf 93' lang='lat' dir='ltr'>dominum</span> <span class='ocrx_word' id='word_1_38' title='bbox 293 807 392 883; x_wconf 87' lang='lat' dir='ltr'>fallis,</span> <span class='ocrx_word' id='word_1_39' title='bbox 410 829 467 892; x_wconf 91' lang='lat' dir='ltr'>per</span> <span class='ocrx_word' id='word_1_40' title='bbox 484 818 516 872; x_wconf 90' lang='lat' dir='ltr'>te</span> <span class='ocrx_word' id='word_1_41' title='bbox 533 806 708 893; x_wconf 84' lang='lat' dir='ltr'>deprensus</span> <span class='ocrx_word' id='word_1_42' title='bbox 725 805 854 871; x_wconf 87' lang='lat' dir='ltr'>inermis</span> 
     </span>
     <span class='ocr_line' id='line_1_8' title="bbox 101 891 788 979; baseline 0 -23"><span class='ocrx_word' id='word_1_43' title='bbox 101 891 204 956; x_wconf 89' lang='lat' dir='ltr'>tristia</span> <span class='ocrx_word' id='word_1_44' title='bbox 222 913 294 956; x_wconf 91' lang='lat' dir='ltr'>cum</span> <span class='ocrx_word' id='word_1_45' title='bbox 312 914 428 978; x_wconf 89' lang='lat' dir='ltr'>magno</span> <span class='ocrx_word' id='word_1_46' title='bbox 447 892 564 957; x_wconf 90' lang='lat' dir='ltr'>damna</span> <span class='ocrx_word' id='word_1_47' title='bbox 581 892 702 979; x_wconf 90' lang='lat' dir='ltr'>pudore</span> <span class='ocrx_word' id='word_1_48' title='bbox 720 893 788 957; x_wconf 91' lang='lat' dir='ltr'>tuli.</span> 
     </span>
    </p>

    <p class='ocr_par' dir='ltr' id='par_1_6' title="bbox 58 977 806 1129">
     <span class='ocr_line' id='line_1_9' title="bbox 58 977 806 1064; baseline 0 -22"><span class='ocrx_word' id='word_1_49' title='bbox 58 977 142 1042; x_wconf 88' lang='lat' dir='ltr'>hanc</span> <span class='ocrx_word' id='word_1_50' title='bbox 160 978 254 1042; x_wconf 90' lang='lat' dir='ltr'>etiam</span> <span class='ocrx_word' id='word_1_51' title='bbox 273 999 338 1041; x_wconf 92' lang='lat' dir='ltr'>non</span> <span class='ocrx_word' id='word_1_52' title='bbox 355 989 403 1043; x_wconf 88' lang='lat' dir='ltr'>est</span> <span class='ocrx_word' id='word_1_53' title='bbox 420 1001 491 1043; x_wconf 90' lang='lat' dir='ltr'>mea</span> <span class='ocrx_word' id='word_1_54' title='bbox 509 979 682 1063; x_wconf 80' lang='lat' dir='ltr'>dedignata</span> <span class='ocrx_word' id='word_1_55' title='bbox 698 979 806 1064; x_wconf 89' lang='lat' dir='ltr'>puella</span> 
     </span>
     <span class='ocr_line' id='line_1_10' title="bbox 102 1063 694 1129; baseline 0.002 -2"><span class='ocrx_word' id='word_1_56' title='bbox 102 1063 238 1128; x_wconf 91' lang='lat' dir='ltr'>molliter</span> <span class='ocrx_word' id='word_1_57' title='bbox 255 1063 383 1128; x_wconf 89' lang='lat' dir='ltr'>admota</span> <span class='ocrx_word' id='word_1_58' title='bbox 400 1064 569 1129; x_wconf 89' lang='lat' dir='ltr'>sollicitare</span> <span class='ocrx_word' id='word_1_59' title='bbox 586 1088 694 1128; x_wconf 90' lang='lat' dir='ltr'>manu.</span> 
     </span>
    </p>

    <p class='ocr_par' dir='ltr' id='par_1_7' title="bbox 58 1149 920 1321">
     <span class='ocr_line' id='line_1_11' title="bbox 58 1149 920 1236; baseline -0.001 -22"><span class='ocrx_word' id='word_1_60' title='bbox 58 1149 116 1215; x_wconf 92' lang='lat' dir='ltr'>sed</span> <span class='ocrx_word' id='word_1_61' title='bbox 134 1161 303 1235; x_wconf 84' lang='lat' dir='ltr'>postquam</span> <span class='ocrx_word' id='word_1_62' title='bbox 320 1150 423 1214; x_wconf 89' lang='lat' dir='ltr'>nullas</span> <span class='ocrx_word' id='word_1_63' title='bbox 442 1171 633 1235; x_wconf 83' lang='lat' dir='ltr'>consurgere</span> <span class='ocrx_word' id='word_1_64' title='bbox 650 1173 744 1236; x_wconf 86' lang='lat' dir='ltr'>posse</span> <span class='ocrx_word' id='word_1_65' title='bbox 761 1173 819 1236; x_wconf 91' lang='lat' dir='ltr'>per</span> <span class='ocrx_word' id='word_1_66' title='bbox 836 1160 920 1214; x_wconf 90' lang='lat' dir='ltr'>artes</span> 
     </span>
     <span class='ocr_line' id='line_1_12' title="bbox 101 1235 778 1321; baseline 0 -22"><span class='ocrx_word' id='word_1_67' title='bbox 101 1235 372 1319; x_wconf 86' lang='lat' dir='ltr'>inmemoremque</span> <span class='ocrx_word' id='word_1_68' title='bbox 391 1235 440 1300; x_wconf 84' lang='lat' dir='ltr'>sui</span> <span class='ocrx_word' id='word_1_69' title='bbox 457 1237 664 1321; x_wconf 77' lang='lat' dir='ltr'>procubuisse</span> <span class='ocrx_word' id='word_1_70' title='bbox 682 1237 778 1312; x_wconf 90' lang='lat' dir='ltr'>videt,</span> 
     </span>
    </p>

    <p class='ocr_par' dir='ltr' id='par_1_8' title="bbox 57 1320 959 1493">
     <span class='ocr_line' id='line_1_13' title="bbox 57 1320 959 1406; baseline -0.001 -21"><span class='ocrx_word' id='word_1_71' title='bbox 57 1321 152 1406; x_wconf 87' lang='lat' dir='ltr'>‘quid</span> <span class='ocrx_word' id='word_1_72' title='bbox 169 1343 220 1386; x_wconf 90' lang='lat' dir='ltr'>me</span> <span class='ocrx_word' id='word_1_73' title='bbox 238 1321 354 1385; x_wconf 85' lang='lat' dir='ltr'>ludis?’</span> <span class='ocrx_word' id='word_1_74' title='bbox 373 1321 431 1398; x_wconf 90' lang='lat' dir='ltr'>ait,</span> <span class='ocrx_word' id='word_1_75' title='bbox 451 1322 536 1406; x_wconf 89' lang='lat' dir='ltr'>‘quis</span> <span class='ocrx_word' id='word_1_76' title='bbox 555 1334 601 1399; x_wconf 93' lang='lat' dir='ltr'>te,</span> <span class='ocrx_word' id='word_1_77' title='bbox 618 1322 701 1387; x_wconf 89' lang='lat' dir='ltr'>male</span> <span class='ocrx_word' id='word_1_78' title='bbox 719 1344 811 1396; x_wconf 89' lang='lat' dir='ltr'>sane,</span> <span class='ocrx_word' id='word_1_79' title='bbox 829 1320 959 1385; x_wconf 90' lang='lat' dir='ltr'>iubebat</span> 
     </span>
     <span class='ocr_line' id='line_1_14' title="bbox 100 1407 764 1493; baseline -0.002 -21"><span class='ocrx_word' id='word_1_80' title='bbox 100 1407 237 1472; x_wconf 90' lang='lat' dir='ltr'>invitum</span> <span class='ocrx_word' id='word_1_81' title='bbox 254 1418 362 1472; x_wconf 88' lang='lat' dir='ltr'>nostro</span> <span class='ocrx_word' id='word_1_82' title='bbox 380 1429 498 1493; x_wconf 90' lang='lat' dir='ltr'>ponere</span> <span class='ocrx_word' id='word_1_83' title='bbox 517 1408 660 1473; x_wconf 91' lang='lat' dir='ltr'>membra</span> <span class='ocrx_word' id='word_1_84' title='bbox 677 1407 764 1472; x_wconf 85' lang='lat' dir='ltr'>toro?</span> 
     </span>
    </p>

    <p class='ocr_par' dir='ltr' id='par_1_9' title="bbox 57 1493 777 1656">
     <span class='ocr_line' id='line_1_15' title="bbox 57 1493 713 1560; baseline -0.003 -1"><span class='ocrx_word' id='word_1_85' title='bbox 57 1504 116 1559; x_wconf 90' lang='lat' dir='ltr'>aut</span> <span class='ocrx_word' id='word_1_86' title='bbox 132 1502 164 1558; x_wconf 89' lang='lat' dir='ltr'>te</span> <span class='ocrx_word' id='word_1_87' title='bbox 182 1493 320 1558; x_wconf 85' lang='lat' dir='ltr'>traiectis</span> <span class='ocrx_word' id='word_1_88' title='bbox 337 1494 448 1558; x_wconf 90' lang='lat' dir='ltr'>Aeaea</span> <span class='ocrx_word' id='word_1_89' title='bbox 466 1494 608 1560; x_wconf 88' lang='lat' dir='ltr'>venefica</span> <span class='ocrx_word' id='word_1_90' title='bbox 625 1493 713 1557; x_wconf 86' lang='lat' dir='ltr'>lanis</span> 
     </span>
     <span class='ocr_line' id='line_1_16' title="bbox 101 1579 777 1656; baseline -0.003 -12"><span class='ocrx_word' id='word_1_91' title='bbox 101 1579 252 1656; x_wconf 86' lang='lat' dir='ltr'>devovet,</span> <span class='ocrx_word' id='word_1_92' title='bbox 271 1591 326 1643; x_wconf 88' lang='lat' dir='ltr'>aut</span> <span class='ocrx_word' id='word_1_93' title='bbox 343 1580 405 1644; x_wconf 90' lang='lat' dir='ltr'>alio</span> <span class='ocrx_word' id='word_1_94' title='bbox 423 1581 525 1644; x_wconf 88' lang='lat' dir='ltr'>lassus</span> <span class='ocrx_word' id='word_1_95' title='bbox 544 1601 651 1645; x_wconf 87' lang='lat' dir='ltr'>amore</span> <span class='ocrx_word' id='word_1_96' title='bbox 668 1579 777 1644; x_wconf 68' lang='lat' dir='ltr'>venis!</span> 
     </span>
    </p>

    <p class='ocr_par' dir='ltr' id='par_1_10' title="bbox 57 1665 771 1852">
     <span class='ocr_line' id='line_1_17' title="bbox 57 1665 771 1731; baseline -0.003 -1"><span class='ocrx_word' id='word_1_97' title='bbox 57 1687 119 1730; x_wconf 90' lang='lat' dir='ltr'>nec</span> <span class='ocrx_word' id='word_1_98' title='bbox 136 1687 240 1729; x_wconf 85' lang='lat' dir='ltr'>mora:</span> <span class='ocrx_word' id='word_1_99' title='bbox 260 1665 387 1730; x_wconf 88' lang='lat' dir='ltr'>desiluit</span> <span class='ocrx_word' id='word_1_100' title='bbox 405 1666 513 1730; x_wconf 90' lang='lat' dir='ltr'>tunica</span> <span class='ocrx_word' id='word_1_101' title='bbox 530 1667 635 1731; x_wconf 90' lang='lat' dir='ltr'>velata</span> <span class='ocrx_word' id='word_1_102' title='bbox 653 1667 771 1730; x_wconf 86' lang='lat' dir='ltr'>soluta:</span> 
     </span>
     <span class='ocr_line' id='line_1_18' title="bbox 103 1750 715 1852; baseline -0.003 -35"><span class='ocrx_word' id='word_1_103' title='bbox 103 1762 135 1817; x_wconf 91' lang='lat' dir='ltr'>et</span> <span class='ocrx_word' id='word_1_104' title='bbox 152 1750 259 1816; x_wconf 91' lang='lat' dir='ltr'>decuit</span> <span class='ocrx_word' id='word_1_105' title='bbox 276 1752 379 1815; x_wconf 89' lang='lat' dir='ltr'>nudos</span> <span class='ocrx_word' id='word_1_106' title='bbox 397 1752 590 1852; x_wconf 88' lang='lat' dir='ltr'>proripuisse</span> <span class='ocrx_word' id='word_1_107' title='bbox 608 1752 715 1837; x_wconf 86' lang='lat' dir='ltr'>pedes.</span> 
     </span>
    </p>

    <p class='ocr_par' dir='ltr' id='par_1_11' title="bbox 58 1837 840 2010">
     <span class='ocr_line' id='line_1_19' title="bbox 58 1837 840 1922; baseline 0 -20"><span class='ocrx_word' id='word_1_108' title='bbox 58 1860 140 1903; x_wconf 88' lang='lat' dir='ltr'>neve</span> <span class='ocrx_word' id='word_1_109' title='bbox 159 1859 235 1901; x_wconf 88' lang='lat' dir='ltr'>suae</span> <span class='ocrx_word' id='word_1_110' title='bbox 253 1848 383 1922; x_wconf 88' lang='lat' dir='ltr'>possent</span> <span class='ocrx_word' id='word_1_111' title='bbox 400 1848 551 1903; x_wconf 80' lang='lat' dir='ltr'>intactam</span> <span class='ocrx_word' id='word_1_112' title='bbox 570 1839 650 1903; x_wconf 88' lang='lat' dir='ltr'>scire</span> <span class='ocrx_word' id='word_1_113' title='bbox 667 1837 840 1914; x_wconf 89' lang='lat' dir='ltr'>ministrae,</span> 
     </span>
     <span class='ocr_line' id='line_1_20' title="bbox 102 1921 807 2010; baseline 0.003 -24"><span class='ocrx_word' id='word_1_114' title='bbox 102 1922 242 1988; x_wconf 90' lang='lat' dir='ltr'>dedecus</span> <span class='ocrx_word' id='word_1_115' title='bbox 259 1921 321 1988; x_wconf 87' lang='lat' dir='ltr'>hcc</span> <span class='ocrx_word' id='word_1_116' title='bbox 338 1934 467 2010; x_wconf 88' lang='lat' dir='ltr'>sumpta</span> <span class='ocrx_word' id='word_1_117' title='bbox 485 1924 697 1989; x_wconf 85' lang='lat' dir='ltr'>dissimulavit</span> <span class='ocrx_word' id='word_1_118' title='bbox 715 1945 807 2008; x_wconf 84' lang='lat' dir='ltr'>aqua.</span> 
     </span>
    </p>
   </div>
   <div class='ocr_carea' id='block_1_3' title="bbox 526 2148 621 2215">
    <p class='ocr_par' dir='ltr' id='par_1_12' title="bbox 526 2148 621 2215">
     <span class='ocr_line' id='line_1_21' title="bbox 526 2148 621 2215; baseline -0.021 0"><span class='ocrx_word' id='word_1_119' title='bbox 526 2148 621 2215; x_wconf 87' lang='lat' dir='ltr'><strong>VIII.</strong></span> 
     </span>
    </p>
   </div>
   <div class='ocr_carea' id='block_1_4' title="bbox 57 2265 913 2417">
    <p class='ocr_par' dir='ltr' id='par_1_13' title="bbox 57 2265 913 2417">
     <span class='ocr_line' id='line_1_22' title="bbox 57 2265 913 2417; baseline -0.005 -85"><span class='ocrx_word' id='word_1_120' title='bbox 57 2267 104 2332; x_wconf 85' lang='lat' dir='ltr'>Et</span> <span class='ocrx_word' id='word_1_121' title='bbox 121 2265 290 2352; x_wconf 89' lang='lat' dir='ltr'>quisquam</span> <span class='ocrx_word' id='word_1_122' title='bbox 307 2267 462 2417; x_wconf 73' lang='lat' dir='ltr'>ingenuas</span> <span class='ocrx_word' id='word_1_123' title='bbox 481 2269 663 2334; x_wconf 87' lang='lat' dir='ltr'>etiamnunc</span> <span class='ocrx_word' id='word_1_124' title='bbox 681 2266 813 2352; x_wconf 88' lang='lat' dir='ltr'>suspicit</span> <span class='ocrx_word' id='word_1_125' title='bbox 830 2274 913 2330; x_wconf 89' lang='lat' dir='ltr'>artes</span> 
     </span>
    </p>
   </div>
   <div class='ocr_carea' id='block_1_5' title="bbox 58 2350 1005 4070">
    <p class='ocr_par' dir='ltr' id='par_1_14' title="bbox 102 2350 837 2437">
     <span class='ocr_line' id='line_1_23' title="bbox 102 2350 837 2437; baseline -0.005 -19"><span class='ocrx_word' id='word_1_126' title='bbox 102 2362 159 2418; x_wconf 90' lang='lat' dir='ltr'>aut</span> <span class='ocrx_word' id='word_1_127' title='bbox 175 2363 320 2419; x_wconf 88' lang='lat' dir='ltr'>tenerum</span> <span class='ocrx_word' id='word_1_128' title='bbox 361 2364 427 2418; x_wconf 92' lang='lat' dir='ltr'>otes</span> <span class='ocrx_word' id='word_1_129' title='bbox 447 2376 574 2419; x_wconf 90' lang='lat' dir='ltr'>carmen</span> <span class='ocrx_word' id='word_1_130' title='bbox 592 2354 709 2419; x_wconf 89' lang='lat' dir='ltr'>habere</span> <span class='ocrx_word' id='word_1_131' title='bbox 727 2350 837 2437; x_wconf 80' lang='lat' dir='ltr'>putat?</span> 
     </span>
    </p>

    <p class='ocr_par' dir='ltr' id='par_1_15' title="bbox 58 2438 874 2611">
     <span class='ocr_line' id='line_1_24' title="bbox 58 2438 823 2526; baseline -0.004 -22"><span class='ocrx_word' id='word_1_132' title='bbox 58 2438 224 2526; x_wconf 83' lang='lat' dir='ltr'>ingenium</span> <span class='ocrx_word' id='word_1_133' title='bbox 241 2439 403 2523; x_wconf 88' lang='lat' dir='ltr'>quondam</span> <span class='ocrx_word' id='word_1_134' title='bbox 420 2440 525 2504; x_wconf 82' lang='lat' dir='ltr'>fuerat</span> <span class='ocrx_word' id='word_1_135' title='bbox 541 2439 711 2524; x_wconf 88' lang='lat' dir='ltr'>pretiosius</span> <span class='ocrx_word' id='word_1_136' title='bbox 729 2459 823 2503; x_wconf 82' lang='lat' dir='ltr'>auro:</span> 
     </span>
     <span class='ocr_line' id='line_1_25' title="bbox 103 2522 874 2611; baseline -0.005 -21"><span class='ocrx_word' id='word_1_137' title='bbox 103 2535 136 2590; x_wconf 91' lang='lat' dir='ltr'>at</span> <span class='ocrx_word' id='word_1_138' title='bbox 153 2547 239 2589; x_wconf 90' lang='lat' dir='ltr'>nune</span> <span class='ocrx_word' id='word_1_139' title='bbox 258 2525 404 2590; x_wconf 88' lang='lat' dir='ltr'>barbaria</span> <span class='ocrx_word' id='word_1_140' title='bbox 422 2538 470 2590; x_wconf 87' lang='lat' dir='ltr'>est</span> <span class='ocrx_word' id='word_1_141' title='bbox 487 2525 632 2611; x_wconf 86' lang='lat' dir='ltr'>grandis,</span> <span class='ocrx_word' id='word_1_142' title='bbox 651 2525 769 2589; x_wconf 92' lang='lat' dir='ltr'>habere</span> <span class='ocrx_word' id='word_1_143' title='bbox 786 2522 874 2587; x_wconf 86' lang='lat' dir='ltr'>nihil.</span> 
     </span>
    </p>

    <p class='ocr_par' dir='ltr' id='par_1_16' title="bbox 60 2608 857 2781">
     <span class='ocr_line' id='line_1_26' title="bbox 60 2608 857 2696; baseline -0.006 -19"><span class='ocrx_word' id='word_1_144' title='bbox 60 2634 134 2677; x_wconf 91' lang='lat' dir='ltr'>eum</span> <span class='ocrx_word' id='word_1_145' title='bbox 152 2609 284 2696; x_wconf 88' lang='lat' dir='ltr'>pulchre</span> <span class='ocrx_word' id='word_1_146' title='bbox 302 2611 449 2676; x_wconf 89' lang='lat' dir='ltr'>dominae</span> <span class='ocrx_word' id='word_1_147' title='bbox 466 2611 566 2675; x_wconf 91' lang='lat' dir='ltr'>nostri</span> <span class='ocrx_word' id='word_1_148' title='bbox 583 2612 731 2696; x_wconf 91' lang='lat' dir='ltr'>placuere</span> <span class='ocrx_word' id='word_1_149' title='bbox 748 2608 857 2684; x_wconf 91' lang='lat' dir='ltr'>libelli,</span> 
     </span>
     <span class='ocr_line' id='line_1_27' title="bbox 104 2696 738 2781; baseline -0.003 -20"><span class='ocrx_word' id='word_1_150' title='bbox 104 2717 168 2781; x_wconf 88' lang='lat' dir='ltr'>quo</span> <span class='ocrx_word' id='word_1_151' title='bbox 186 2696 275 2761; x_wconf 88' lang='lat' dir='ltr'>licuit</span> <span class='ocrx_word' id='word_1_152' title='bbox 292 2697 397 2774; x_wconf 89' lang='lat' dir='ltr'>libris,</span> <span class='ocrx_word' id='word_1_153' title='bbox 416 2719 480 2761; x_wconf 92' lang='lat' dir='ltr'>non</span> <span class='ocrx_word' id='word_1_154' title='bbox 497 2697 634 2762; x_wconf 72' lang='lat' dir='ltr'>licetine</span> <span class='ocrx_word' id='word_1_155' title='bbox 651 2696 738 2760; x_wconf 88' lang='lat' dir='ltr'>mihi.</span> 
     </span>
    </p>

    <p class='ocr_par' dir='ltr' id='par_1_17' title="bbox 60 2781 874 2956">
     <span class='ocr_line' id='line_1_28' title="bbox 60 2781 874 2859; baseline -0.002 -12"><span class='ocrx_word' id='word_1_156' title='bbox 60 2805 134 2847; x_wconf 89' lang='lat' dir='ltr'>eum</span> <span class='ocrx_word' id='word_1_157' title='bbox 153 2781 234 2847; x_wconf 88' lang='lat' dir='ltr'>bene</span> <span class='ocrx_word' id='word_1_158' title='bbox 251 2782 406 2859; x_wconf 87' lang='lat' dir='ltr'>laudavit,</span> <span class='ocrx_word' id='word_1_159' title='bbox 425 2783 554 2848; x_wconf 88' lang='lat' dir='ltr'>laudato</span> <span class='ocrx_word' id='word_1_160' title='bbox 571 2782 667 2847; x_wconf 91' lang='lat' dir='ltr'>ianua</span> <span class='ocrx_word' id='word_1_161' title='bbox 685 2783 794 2847; x_wconf 88' lang='lat' dir='ltr'>clausa</span> <span class='ocrx_word' id='word_1_162' title='bbox 811 2791 874 2846; x_wconf 85' lang='lat' dir='ltr'>est:</span> 
     </span>
     <span class='ocr_line' id='line_1_29' title="bbox 103 2868 680 2956; baseline 0.002 -24"><span class='ocrx_word' id='word_1_163' title='bbox 103 2869 238 2954; x_wconf 88' lang='lat' dir='ltr'>turpiter</span> <span class='ocrx_word' id='word_1_164' title='bbox 254 2868 318 2933; x_wconf 92' lang='lat' dir='ltr'>huc</span> <span class='ocrx_word' id='word_1_165' title='bbox 334 2869 412 2934; x_wconf 89' lang='lat' dir='ltr'>illuc</span> <span class='ocrx_word' id='word_1_166' title='bbox 429 2869 613 2956; x_wconf 86' lang='lat' dir='ltr'>ingeniosus</span> <span class='ocrx_word' id='word_1_167' title='bbox 632 2891 680 2934; x_wconf 88' lang='lat' dir='ltr'>eo.</span> 
     </span>
    </p>

    <p class='ocr_par' dir='ltr' id='par_1_18' title="bbox 61 2954 833 3128">
     <span class='ocr_line' id='line_1_30' title="bbox 61 2954 833 3041; baseline -0.005 -20"><span class='ocrx_word' id='word_1_168' title='bbox 61 2977 151 3031; x_wconf 92' lang='lat' dir='ltr'>ecce,</span> <span class='ocrx_word' id='word_1_169' title='bbox 169 2976 279 3019; x_wconf 88' lang='lat' dir='ltr'>recens</span> <span class='ocrx_word' id='word_1_170' title='bbox 298 2954 386 3020; x_wconf 85' lang='lat' dir='ltr'>dives</span> <span class='ocrx_word' id='word_1_171' title='bbox 403 2967 494 3040; x_wconf 89' lang='lat' dir='ltr'>parto</span> <span class='ocrx_word' id='word_1_172' title='bbox 512 2979 570 3041; x_wconf 90' lang='lat' dir='ltr'>per</span> <span class='ocrx_word' id='word_1_173' title='bbox 586 2956 718 3020; x_wconf 90' lang='lat' dir='ltr'>vulnera</span> <span class='ocrx_word' id='word_1_174' title='bbox 736 2976 833 3019; x_wconf 88' lang='lat' dir='ltr'>censu</span> 
     </span>
     <span class='ocr_line' id='line_1_31' title="bbox 103 3039 821 3128; baseline 0 -25"><span class='ocrx_word' id='word_1_175' title='bbox 103 3039 282 3125; x_wconf 85' lang='lat' dir='ltr'>praefertur</span> <span class='ocrx_word' id='word_1_176' title='bbox 299 3041 391 3105; x_wconf 91' lang='lat' dir='ltr'>nobis</span> <span class='ocrx_word' id='word_1_177' title='bbox 409 3043 563 3128; x_wconf 85' lang='lat' dir='ltr'>sanguine</span> <span class='ocrx_word' id='word_1_178' title='bbox 581 3054 691 3127; x_wconf 86' lang='lat' dir='ltr'>pastus</span> <span class='ocrx_word' id='word_1_179' title='bbox 710 3039 821 3123; x_wconf 88' lang='lat' dir='ltr'>equesl</span> 
     </span>
    </p>

    <p class='ocr_par' dir='ltr' id='par_1_19' title="bbox 62 3125 864 3299">
     <span class='ocr_line' id='line_1_32' title="bbox 62 3125 864 3212; baseline 0 -23"><span class='ocrx_word' id='word_1_180' title='bbox 62 3125 148 3190; x_wconf 91' lang='lat' dir='ltr'>hunc</span> <span class='ocrx_word' id='word_1_181' title='bbox 165 3138 255 3210; x_wconf 86' lang='lat' dir='ltr'>potes</span> <span class='ocrx_word' id='word_1_182' title='bbox 274 3126 423 3212; x_wconf 88' lang='lat' dir='ltr'>amplecti</span> <span class='ocrx_word' id='word_1_183' title='bbox 440 3128 602 3203; x_wconf 83' lang='lat' dir='ltr'>formosis,</span> <span class='ocrx_word' id='word_1_184' title='bbox 620 3126 700 3204; x_wconf 87' lang='lat' dir='ltr'>vita,</span> <span class='ocrx_word' id='word_1_185' title='bbox 718 3125 864 3191; x_wconf 80' lang='lat' dir='ltr'>lacertis?</span> 
     </span>
     <span class='ocr_line' id='line_1_33' title="bbox 105 3211 782 3299; baseline 0.001 -24"><span class='ocrx_word' id='word_1_186' title='bbox 105 3211 201 3276; x_wconf 88' lang='lat' dir='ltr'>huius</span> <span class='ocrx_word' id='word_1_187' title='bbox 218 3211 252 3276; x_wconf 94' lang='lat' dir='ltr'>in</span> <span class='ocrx_word' id='word_1_188' title='bbox 269 3214 434 3299; x_wconf 87' lang='lat' dir='ltr'>amplexu,</span> <span class='ocrx_word' id='word_1_189' title='bbox 453 3214 533 3289; x_wconf 89' lang='lat' dir='ltr'>vita,</span> <span class='ocrx_word' id='word_1_190' title='bbox 551 3213 654 3278; x_wconf 89' lang='lat' dir='ltr'>iacere</span> <span class='ocrx_word' id='word_1_191' title='bbox 673 3212 782 3298; x_wconf 77' lang='lat' dir='ltr'>potes?</span> 
     </span>
    </p>

    <p class='ocr_par' dir='ltr' id='par_1_20' title="bbox 63 3297 857 3468">
     <span class='ocr_line' id='line_1_34' title="bbox 63 3297 857 3384; baseline -0.001 -22"><span class='ocrx_word' id='word_1_192' title='bbox 63 3299 89 3362; x_wconf 92' lang='lat' dir='ltr'>si</span> <span class='ocrx_word' id='word_1_193' title='bbox 106 3297 227 3375; x_wconf 91' lang='lat' dir='ltr'>neseis,</span> <span class='ocrx_word' id='word_1_194' title='bbox 246 3309 342 3383; x_wconf 91' lang='lat' dir='ltr'>caput</span> <span class='ocrx_word' id='word_1_195' title='bbox 358 3298 419 3364; x_wconf 93' lang='lat' dir='ltr'>boe</span> <span class='ocrx_word' id='word_1_196' title='bbox 436 3299 560 3384; x_wconf 87' lang='lat' dir='ltr'>galeam</span> <span class='ocrx_word' id='word_1_197' title='bbox 578 3310 705 3383; x_wconf 89' lang='lat' dir='ltr'>portare</span> <span class='ocrx_word' id='word_1_198' title='bbox 723 3298 857 3364; x_wconf 89' lang='lat' dir='ltr'>solebat:</span> 
     </span>
     <span class='ocr_line' id='line_1_35' title="bbox 106 3384 856 3468; baseline -0.001 -20"><span class='ocrx_word' id='word_1_199' title='bbox 106 3407 183 3448; x_wconf 89' lang='lat' dir='ltr'>ense</span> <span class='ocrx_word' id='word_1_200' title='bbox 200 3384 283 3448; x_wconf 89' lang='lat' dir='ltr'>latus</span> <span class='ocrx_word' id='word_1_201' title='bbox 301 3385 453 3460; x_wconf 90' lang='lat' dir='ltr'>cinctum,</span> <span class='ocrx_word' id='word_1_202' title='bbox 472 3384 558 3468; x_wconf 88' lang='lat' dir='ltr'>quod</span> <span class='ocrx_word' id='word_1_203' title='bbox 576 3384 632 3448; x_wconf 89' lang='lat' dir='ltr'>tibi</span> <span class='ocrx_word' id='word_1_204' title='bbox 651 3384 761 3459; x_wconf 83' lang='lat' dir='ltr'>servit,</span> <span class='ocrx_word' id='word_1_205' title='bbox 780 3395 856 3448; x_wconf 87' lang='lat' dir='ltr'>erat.</span> 
     </span>
    </p>

    <p class='ocr_par' dir='ltr' id='par_1_21' title="bbox 63 3469 1005 3642">
     <span class='ocr_line' id='line_1_36' title="bbox 63 3469 1005 3546; baseline -0.003 -11"><span class='ocrx_word' id='word_1_206' title='bbox 63 3470 156 3535; x_wconf 90' lang='lat' dir='ltr'>laeva</span> <span class='ocrx_word' id='word_1_207' title='bbox 173 3492 300 3546; x_wconf 86' lang='lat' dir='ltr'>manus,</span> <span class='ocrx_word' id='word_1_208' title='bbox 321 3470 371 3534; x_wconf 92' lang='lat' dir='ltr'>cui</span> <span class='ocrx_word' id='word_1_209' title='bbox 389 3493 474 3535; x_wconf 90' lang='lat' dir='ltr'>nunc</span> <span class='ocrx_word' id='word_1_210' title='bbox 492 3492 598 3535; x_wconf 88' lang='lat' dir='ltr'>serum</span> <span class='ocrx_word' id='word_1_211' title='bbox 615 3471 698 3534; x_wconf 90' lang='lat' dir='ltr'>male</span> <span class='ocrx_word' id='word_1_212' title='bbox 716 3469 862 3534; x_wconf 88' lang='lat' dir='ltr'>convenit</span> <span class='ocrx_word' id='word_1_213' title='bbox 882 3490 1005 3545; x_wconf 90' lang='lat' dir='ltr'>aurum,</span> 
     </span>
     <span class='ocr_line' id='line_1_37' title="bbox 107 3555 854 3642; baseline -0.003 -22"><span class='ocrx_word' id='word_1_214' title='bbox 107 3567 198 3620; x_wconf 88' lang='lat' dir='ltr'>scuta</span> <span class='ocrx_word' id='word_1_215' title='bbox 216 3555 297 3619; x_wconf 90' lang='lat' dir='ltr'>tulit.</span> <span class='ocrx_word' id='word_1_216' title='bbox 341 3556 486 3620; x_wconf 88' lang='lat' dir='ltr'>dextram</span> <span class='ocrx_word' id='word_1_217' title='bbox 504 3567 615 3642; x_wconf 87' lang='lat' dir='ltr'>tange:</span> <span class='ocrx_word' id='word_1_218' title='bbox 635 3567 766 3620; x_wconf 90' lang='lat' dir='ltr'>cruenta</span> <span class='ocrx_word' id='word_1_219' title='bbox 783 3555 854 3619; x_wconf 84' lang='lat' dir='ltr'>fuit.</span> 
     </span>
    </p>

    <p class='ocr_par' dir='ltr' id='par_1_22' title="bbox 63 3639 977 3812">
     <span class='ocr_line' id='line_1_38' title="bbox 63 3639 977 3728; baseline -0.004 -22"><span class='ocrx_word' id='word_1_220' title='bbox 63 3663 129 3725; x_wconf 93' lang='lat' dir='ltr'>qua</span> <span class='ocrx_word' id='word_1_221' title='bbox 146 3641 239 3728; x_wconf 90' lang='lat' dir='ltr'>periit</span> <span class='ocrx_word' id='word_1_222' title='bbox 257 3641 385 3724; x_wconf 89' lang='lat' dir='ltr'>aliquis,</span> <span class='ocrx_word' id='word_1_223' title='bbox 403 3653 494 3726; x_wconf 90' lang='lat' dir='ltr'>potes</span> <span class='ocrx_word' id='word_1_224' title='bbox 511 3641 594 3706; x_wconf 89' lang='lat' dir='ltr'>hanc</span> <span class='ocrx_word' id='word_1_225' title='bbox 613 3641 718 3706; x_wconf 88' lang='lat' dir='ltr'>contin</span> <span class='ocrx_word' id='word_1_226' title='bbox 743 3663 796 3706; x_wconf 88' lang='lat' dir='ltr'>ere</span> <span class='ocrx_word' id='word_1_227' title='bbox 813 3639 977 3706; x_wconf 80' lang='lat' dir='ltr'>dextram?</span> 
     </span>
     <span class='ocr_line' id='line_1_39' title="bbox 108 3663 742 3812; baseline 0.002 -22"><span class='ocrx_word' id='word_1_228' title='bbox 108 3728 187 3802; x_wconf 91' lang='lat' dir='ltr'>heu,</span> <span class='ocrx_word' id='word_1_229' title='bbox 205 3727 260 3791; x_wconf 91' lang='lat' dir='ltr'>ubi</span> <span class='ocrx_word' id='word_1_230' title='bbox 278 3727 425 3791; x_wconf 90' lang='lat' dir='ltr'>mollities</span> <span class='ocrx_word' id='word_1_231' title='bbox 443 3727 579 3812; x_wconf 87' lang='lat' dir='ltr'>pectoris</span> <span class='ocrx_word' id='word_1_232' title='bbox 597 3727 652 3792; x_wconf 95' lang='lat' dir='ltr'>illa</span> <span class='ocrx_word' id='word_1_233' title='bbox 669 3663 742 3791; x_wconf 60' lang='lat' dir='ltr'>cuii</span> 
     </span>
    </p>

    <p class='ocr_par' dir='ltr' id='par_1_23' title="bbox 66 3813 873 3986">
     <span class='ocr_line' id='line_1_40' title="bbox 66 3813 797 3899; baseline -0.003 -21"><span class='ocrx_word' id='word_1_234' title='bbox 66 3835 159 3878; x_wconf 88' lang='lat' dir='ltr'>cerne</span> <span class='ocrx_word' id='word_1_235' title='bbox 178 3813 353 3891; x_wconf 90' lang='lat' dir='ltr'>cicatrices,</span> <span class='ocrx_word' id='word_1_236' title='bbox 372 3814 486 3879; x_wconf 84' lang='lat' dir='ltr'>veteris</span> <span class='ocrx_word' id='word_1_237' title='bbox 505 3813 640 3898; x_wconf 86' lang='lat' dir='ltr'>vestigia</span> <span class='ocrx_word' id='word_1_238' title='bbox 656 3835 797 3899; x_wconf 86' lang='lat' dir='ltr'>pugnae:</span> 
     </span>
     <span class='ocr_line' id='line_1_41' title="bbox 108 3897 873 3986; baseline -0.001 -25"><span class='ocrx_word' id='word_1_239' title='bbox 108 3898 287 3982; x_wconf 87' lang='lat' dir='ltr'>quaesitum</span> <span class='ocrx_word' id='word_1_240' title='bbox 305 3911 353 3964; x_wconf 89' lang='lat' dir='ltr'>est</span> <span class='ocrx_word' id='word_1_241' title='bbox 370 3899 416 3963; x_wconf 90' lang='lat' dir='ltr'>illi</span> <span class='ocrx_word' id='word_1_242' title='bbox 434 3921 579 3986; x_wconf 91' lang='lat' dir='ltr'>corpore,</span> <span class='ocrx_word' id='word_1_243' title='bbox 598 3898 749 3983; x_wconf 88' lang='lat' dir='ltr'>quicquid</span> <span class='ocrx_word' id='word_1_244' title='bbox 766 3897 873 3963; x_wconf 90' lang='lat' dir='ltr'>habet.</span> 
     </span>
    </p>

    <p class='ocr_par' dir='ltr' id='par_1_24' title="bbox 67 3983 896 4070">
     <span class='ocr_line' id='line_1_42' title="bbox 67 3983 896 4070; baseline -0.001 -21"><span class='ocrx_word' id='word_1_245' title='bbox 67 3984 199 4049; x_wconf 85' lang='lat' dir='ltr'>forsitan</span> <span class='ocrx_word' id='word_1_246' title='bbox 216 3994 262 4060; x_wconf 90' lang='lat' dir='ltr'>et,</span> <span class='ocrx_word' id='word_1_247' title='bbox 281 3984 426 4068; x_wconf 85' lang='lat' dir='ltr'>quotiens</span> <span class='ocrx_word' id='word_1_248' title='bbox 444 3985 605 4050; x_wconf 89' lang='lat' dir='ltr'>hominem</span> <span class='ocrx_word' id='word_1_249' title='bbox 622 3983 825 4070; x_wconf 88' lang='lat' dir='ltr'>iugulaverit,</span> <span class='ocrx_word' id='word_1_250' title='bbox 843 3983 896 4048; x_wconf 90' lang='lat' dir='ltr'>ille</span> 
     </span>
    </p>
   </div>
   <div class='ocr_carea' id='block_1_6' title="bbox 110 4063 868 4157">
    <p class='ocr_par' dir='ltr' id='par_1_25' title="bbox 110 4063 868 4157">
     <span class='ocr_line' id='line_1_43' title="bbox 110 4063 868 4157; baseline 0.003 -24"><span class='ocrx_word' id='word_1_251' title='bbox 110 4068 242 4135; x_wconf 89' lang='lat' dir='ltr'>indicetl</span> <span class='ocrx_word' id='word_1_252' title='bbox 269 4069 330 4136; x_wconf 88' lang='lat' dir='ltr'>hoc</span> <span class='ocrx_word' id='word_1_253' title='bbox 347 4070 449 4137; x_wconf 83' lang='lat' dir='ltr'>fassas</span> <span class='ocrx_word' id='word_1_254' title='bbox 467 4071 586 4157; x_wconf 86' lang='lat' dir='ltr'>tangis,</span> <span class='ocrx_word' id='word_1_255' title='bbox 605 4063 868 4150; x_wconf 39' lang='lat' dir='ltr'>avaraffffl</span> 
     </span>
    </p>
   </div>
   <div class='ocr_carea' id='block_1_7' title="bbox 122 4168 946 4226">
    <p class='ocr_par' dir='ltr' id='par_1_26' title="bbox 122 4168 946 4226">
     <span class='ocr_line' id='line_1_44' title="bbox 122 4168 946 4226; baseline -0.004 -10"><span class='ocrx_word' id='word_1_256' title='bbox 122 4169 254 4216; x_wconf 71' lang='lat' dir='ltr'>amour.</span> <span class='ocrx_word' id='word_1_257' title='bbox 922 4168 946 4226; x_wconf 71' lang='lat' dir='ltr'>e</span> 
     </span>
    </p>
   </div>
   <div class='ocr_carea' id='block_1_8' title="bbox 0 0 1316 4974">
    <p class='ocr_par' dir='ltr' id='par_1_27' title="bbox 0 0 1316 4974">
     <span class='ocr_line' id='line_1_45' title="bbox 0 0 1316 4974; baseline 0 0"><span class='ocrx_word' id='word_1_258' title='bbox 0 0 1316 4974; x_wconf 95' lang='lat' dir='ltr'> </span> 
     </span>
    </p>
   </div>
  </div>
 </body>
</html>
