2604 4974
398 420 401 425 .
506 445 715 543 ww

198 674 241 742 84
534 562 879 750 muscum

196 836 256 879 nec
274 813 387 879 femori
405 815 567 880 committe
585 815 689 881 femur
704 836 764 879 nec
782 835 872 878 crure
891 812 1024 880 cohaere

240 922 299 965 nec
316 911 461 966 tenerum
480 901 560 966 duro
578 923 651 966 cum
668 900 750 986 pede
767 900 864 985 iunge
882 900 1006 983 pedem.

145 1006 179 1055 45
197 987 298 1050 multa
315 986 410 1052 miser
427 987 539 1065 timeo,
557 987 632 1071 quia
649 985 711 1051 feci
727 986 828 1049 multa
844 996 1000 1085 proterve,

239 1072 439 1157 exemplique
457 1084 543 1138 metu
561 1085 710 1156 torqueor
727 1092 800 1136 ecoe
818 1093 890 1136 mer.

126 1196 131 1204 .
196 1180 291 1243 saepe
308 1157 387 1222 mihi
405 1158 614 1242 dominaeque
631 1180 721 1222 meae
738 1167 907 1242 properata
924 1158 1070 1242 voluptas

238 1254 326 1309 veste
344 1243 404 1308 sub
421 1244 538 1309 iniecta
555 1245 646 1309 dulce
663 1243 787 1344 peregit
804 1265 894 1328 opus.

196 1328 257 1394 hoo
275 1340 310 1394 tu
327 1352 391 1394 non
409 1329 516 1395 facies.
561 1329 617 1394 sed
634 1351 675 1394 ne
692 1329 806 1393 fecrsse
823 1328 953 1413 puteris,

145 1435 178 1484 5ο
239 1416 365 1480 conscia
383 1415 507 1480 detecto
525 1414 621 1500 pallia
638 1415 731 1480 deme
749 1425 827 1479 toro.

195 1501 244 1566 vir
261 1500 350 1565 bibat
367 1522 468 1584 usque
485 1522 578 1586 roga3
596 1500 743 1586 precibus
761 1512 867 1565 tamen
885 1501 994 1565 oscula
1011 1500 1124 1578 desint,

239 1587 379 1671 dumque
395 1586 490 1663 bibit,
508 1586 632 1663 furtim,
651 1586 679 1651 si
695 1597 800 1671 potes,
818 1585 900 1651 adde
918 1609 1050 1652 mamm.

198 1673 224 1737 si
241 1673 323 1737 bene
340 1672 523 1758 conpositus
542 1693 653 1736 somno
672 1673 810 1755 vinoque
827 1671 953 1748 iacebit,

239 1757 405 1822 consilium
421 1757 514 1824 nobis
531 1779 645 1841 resque
663 1759 814 1841 locusque
833 1756 964 1823 dabunt.

145 1863 178 1912 55
196 1865 270 1909 cum
287 1865 398 1929 surges
416 1844 542 1908 abitura
559 1844 704 1920 domum,
724 1866 891 1929 surgemus
909 1855 942 1908 et
958 1865 1077 1922 omnes,

237 1929 271 1994 in
288 1930 429 1994 medium
446 1929 557 1995 turbae
575 1929 627 1994 fac
644 1951 765 1994 memor
782 1951 898 2014 agmen
915 1951 979 1994 eas.

196 2015 323 2101 agmine
340 2037 392 2079 me
409 2015 566 2091 invenies,
584 2028 640 2081 aut
656 2015 825 2080 invenieris
842 2014 876 2079 in
893 2014 969 2078 illor‘

239 2101 393 2184 quidquid
411 2100 455 2165 ibi
472 2101 590 2187 poteris
608 2114 753 2187 tangere,
772 2113 868 2186 tange
884 2101 958 2166 mei.

195 2209 247 2251 me
264 2185 429 2251 miserum!
456 2187 580 2263 monui,
597 2209 717 2272 paucas
734 2186 820 2270 quod
837 2187 937 2272 prosit
952 2186 986 2251 in
1003 2186 1111 2252 horas:

145 2293 178 2342 60
238 2295 366 2358 separer
383 2294 403 2336 a
421 2272 550 2336 domina
566 2284 658 2337 nocte
676 2272 805 2336 iubente
822 2271 908 2337 meai
934 2306 936 2310 ·

194 2371 287 2424 nocte
305 2359 354 2442 nir
370 2358 519 2423 includet.
563 2358 701 2423 lacrimis
719 2380 779 2444 ego
796 2370 936 2423 maestus
955 2358 1083 2436 obortis,

237 2466 302 2528 qua
319 2444 406 2520 licet,
424 2444 465 2508 ad
483 2467 595 2509 saevas
612 2465 786 2530 prosequar
803 2464 905 2526 usque
922 2443 1016 2510 fores.
1139 2509 1141 2513 .

195 2531 303 2594 oscula
319 2530 384 2594 iam
402 2541 514 2594 sumet.
558 2530 623 2594 iam
639 2550 703 2594 non
720 2539 844 2594 tantum
862 2530 971 2593 oscula
988 2542 1105 2595 sumet:

237 2615 322 2702 quod
340 2615 418 2680 mihi
436 2616 493 2681 das
510 2615 636 2692 furtim,
653 2615 722 2679 iure
739 2625 850 2680 coacta
867 2615 968 2679 dabis.

143 2721 176 2770 65
196 2722 308 2766 verum
325 2701 425 2767 invita
442 2702 516 2766 dato
534 2739 577 2749 -
594 2713 683 2787 potes
702 2701 762 2765 hoo
779 2737 823 2747 —-
840 2701 1013 2784 similisque
1031 2714 1175 2767 coactae:

238 2787 409 2852 blanditiae
426 2799 565 2863 taceant,
584 2788 686 2871 sitque
704 2787 844 2872 maligna
861 2787 983 2851 Venus.

195 2873 222 2938 si
240 2896 312 2938 mea
328 2885 403 2938 vota
420 2875 542 2949 valent,
560 2874 649 2938 illum
667 2894 796 2957 quoque
813 2895 854 2938 ne
871 2872 974 2950 iuvet,
992 2885 1082 2960 opto:

237 2959 264 3024 si
281 2959 401 3036 minus,
419 2970 452 3023 at
469 2971 553 3024 certe
572 2970 602 3024 te
619 2959 708 3024 iuvet
724 2958 797 3023 inde
814 2959 903 3023 nihil.
976 2999 987 3022 .

195 3045 251 3110 scd
269 3066 489 3128 quaecumque
508 3056 614 3110 tamen
631 3056 756 3109 noctem
774 3044 903 3108 fortuna
919 3056 1079 3130 sequetur,

144 3153 176 3202 ro
237 3153 307 3196 cras
325 3131 402 3195 mibi
421 3131 576 3196 constanti
595 3152 672 3196 voee
691 3130 816 3196 dedisse
833 3153 927 3216 nega.

686 3286 728 3351 V.

194 3391 312 3456 Aestus
331 3402 411 3467 erat,
429 3391 631 3476 mediamque
649 3390 716 3455 dies
733 3401 884 3477 exegerat
901 3389 1022 3455 horam.

237 3477 370 3562 adposui
387 3477 493 3542 medio
510 3477 655 3543 membra
672 3477 808 3541 levanda
825 3487 903 3541 toro.

193 3586 267 3650 pars
285 3563 436 3648 adaperta
453 3563 528 3641 fuit,
545 3586 619 3712 pars
637 3563 736 3627 altera
754 3564 863 3627 clausa
879 3562 1046 3639 fenestrae,
1120 3595 1123 3601 ·

236 3650 329 3732 quale
348 3649 414 3713 lere
433 3649 531 3714 silvae
561 3671 656 3713 umen
673 3648 791 3713 habere
809 3648 925 3712 solent:

160 3753 176 3802 5
194 3734 300 3818 qualia
318 3734 485 3798 sublucent
501 3734 645 3820 fugiente
662 3735 847 3818 crepuscula
864 3733 1008 3813 Phoebo,

237 3830 291 3884 aut
308 3819 364 3883 ubi
381 3842 445 3884 nox
463 3820 556 3896 abiit,
574 3842 634 3884 neo
651 3832 757 3884 tamen
775 3830 845 3883 orta
862 3820 939 3883 dies.

193 3906 247 3971 illa
265 3906 452 3970 verecundis
469 3906 525 3970 lux
543 3916 591 3971 est
607 3906 790 3991 praebenda
806 3905 931 3990 puellis,

237 4014 301 4075 qua
317 3990 445 4056 timidus
463 3991 600 4056 latebras
618 4003 722 4077 speret
740 3990 856 4055 habere
874 3992 986 4076 pudor.

194 4099 268 4142 ecce
287 4075 428 4141 Corinna
446 4077 546 4154 venit,
565 4078 672 4142 tunica
690 4077 794 4141 velata
810 4076 960 4154 recincta,
1008 4117 1009 4120 =

144 4182 175 4231 10
236 4163 371 4227 candida
389 4163 518 4227 dividua
536 4164 617 4228 colla
635 4174 761 4248 tegente
779 4184 885 4226 coma:

193 4249 328 4333 qualiter
344 4249 376 4312 in
395 4249 550 4313 thalamos
568 4249 691 4312 famosa
709 4246 892 4312 Semiramis
910 4248 972 4312 isse

236 4335 351 4399 dicitur
369 4346 400 4398 et
417 4334 523 4398 multis
542 4334 620 4398 Lais
638 4344 743 4399 amata
760 4333 846 4397 viris.

193 4420 316 4505 deripui
334 4420 482 4484 tunicam.
525 4441 585 4483 nec
601 4420 737 4484 multum
755 4442 827 4483 rara
843 4419 991 4496 nocebat;

235 4504 400 4594 pugnabat
418 4507 525 4571 tunica
542 4506 599 4571 sed
616 4517 722 4571 tamen
739 4505 793 4570 illa
809 4506 885 4592 tegi.
