2604 4974
270 834 333 905 100
608 851 641 910 r.
662 854 771 913 orror
788 853 951 912 reasons

267 976 412 1043 conscius
431 1001 500 1045 esse
518 980 596 1044 velis
602 1004 611 1056 ;
630 980 758 1044 domina
776 989 822 1044 est
840 977 979 1043 obnoxia
996 999 1096 1043 servo.

309 1063 454 1130 conscius
473 1088 542 1130 esse
560 1065 670 1131 times?
697 1065 894 1129 dissimulare
912 1065 995 1129 licet.

267 1151 383 1234 scripta
400 1150 486 1236 leget
503 1162 776 1219 secumz'matrem
794 1151 916 1215 misisse
934 1160 1055 1235 putato.

216 1255 248 1305 20
309 1236 430 1300 venerit
448 1238 589 1321 ignotus:
608 1238 776 1322 postmodo
793 1249 888 1301 notus
906 1235 974 1300 erit.

265 1321 324 1385 ibit
342 1322 382 1385 ad
402 1321 575 1399 adfectam,
594 1345 676 1406 quae
694 1346 759 1387 non
777 1321 956 1407 languebit,
975 1321 1123 1384 amicam:

308 1407 404 1472 visati
431 1407 555 1472 iudiciis
573 1431 669 1494 aegra
687 1409 727 1473 sit
744 1409 798 1473 illa
816 1408 889 1473 tuis.

266 1493 293 1558 si
309 1493 405 1558 faciet
422 1494 526 1559 tarde:
544 1518 585 1560 ne
603 1506 634 1559 te
651 1517 740 1559 mora
757 1494 854 1580 longa
871 1493 994 1578 fatiget,

306 1579 444 1667 inposita
461 1581 581 1665 gremio
600 1592 731 1646 stertere
748 1580 852 1646 fronte
870 1590 969 1665 potes.

215 1686 246 1734 25
265 1687 324 1730 nec
342 1678 392 1740 tu,
410 1665 575 1752 linigeram
594 1666 662 1732 fieri
680 1666 757 1751 quid
771 1665 875 1816 possit
892 1665 932 1730 ad
951 1664 1038 1740 Isim,

309 1750 495 1835 quaesieris,
513 1775 573 1816 nec
590 1765 625 1817 tu
643 1773 741 1817 curva
758 1762 771 1816 t
794 1763 881 1818 eatra
897 1751 981 1814 time.

258 1837 410 1902 *conscius
429 1837 578 1903 adsiduos
597 1839 755 1903 commissi
772 1839 860 1903 tollet
877 1837 1022 1900 honores.

309 1923 379 2006 quis
397 1922 499 1987 minor
517 1934 565 1989 est
583 1936 703 2000 autem,
722 1947 818 2008 quam
836 1922 985 1998 tacuisse,
1004 1921 1113 1986 labor?

264 2009 317 2075 ille
335 2008 439 2096 placet
456 2020 624 2094 versatque
642 2011 787 2086 domum,
805 2030 908 2092 neque
926 2007 1058 2073 verbera
1076 2007 1187 2072 sentit:

174 2160 180 2175 ,
215 2115 247 2164 30
308 2094 360 2158 ille
377 2105 504 2180 potens3
523 2095 577 2160 alii
594 2097 720 2161 sordida
738 2096 832 2160 turba
848 2095 961 2159 iacent.

265 2181 353 2255 huic,
371 2202 466 2246 verae
484 2192 520 2246 ut
536 2182 654 2249 lateant
672 2205 801 2259 causae,
819 2180 983 2269 finguntur
1000 2179 1124 2244 inanes:

308 2277 403 2350 atque
422 2267 516 2331 ambo
535 2267 667 2344 domini,
685 2268 772 2351 quod
788 2265 902 2352 probat
919 2289 999 2342 una,
1017 2264 1163 2350 probant.

265 2375 338 2417 cum
355 2352 436 2417 bene
453 2353 502 2417 vir
519 2353 613 2418 traxit
631 2353 750 2418 vultum
768 2374 928 2438 rugasque
947 2352 1060 2437 coegit,

307 2438 393 2521 quod
410 2437 510 2503 voluit
526 2438 595 2503 fieri
614 2439 729 2503 blanda
746 2439 865 2524 puella,
883 2437 969 2501 facit.

214 2546 245 2594 35
264 2525 321 2589 sed
338 2534 444 2589 tamen
461 2524 620 2589 interdum
638 2535 744 2589 tecum
761 2545 887 2607 quoque
905 2522 1009 2608 iurgia
1025 2532 1132 2587 nectat

307 2620 338 2675 et
356 2609 483 2674 simulet
499 2610 644 2674 lacrimas
662 2609 904 2692 carnificemque
922 2620 1022 2672 vocet.

264 2707 299 2760 tu
317 2708 427 2761 contra
444 2694 576 2772 obicies,
595 2717 676 2780 quae
695 2708 763 2760 tuto
782 2696 881 2760 diluat
898 2693 961 2758 illa.

306 2782 340 2846 in
357 2804 468 2847 verum
485 2781 566 2846 falso
584 2782 714 2852 crimine
733 2782 824 2846 deme
841 2781 947 2844 fidem.

265 2868 310 2933 sic
328 2868 385 2932 tibi
404 2889 528 2952 semper
545 2867 660 2944 honos,
680 2868 724 2932 sic
742 2868 806 2931 alta
824 2865 947 2951 peculia
965 2876 1115 2931 crescent.

213 2976 246 3024 40
307 2954 386 3018 haec
403 2952 468 3018 fac:
486 2952 520 3017 in
538 2953 655 3039 exiguo
674 2965 815 3039 tempore
831 2950 911 3016 liber
929 2951 1000 3015 eris.

264 3037 378 3125 aspicis
418 3038 576 3103 indicibus
593 3062 691 3104 nexas
709 3062 766 3123 per
784 3038 864 3103 colla
882 3037 1027 3101 catenas?

307 3125 470 3209 squalidus
488 3125 566 3190 orba
582 3125 645 3190 fide
662 3138 791 3211 pectora
808 3145 917 3188 carcer
934 3122 1039 3187 habet.

264 3212 387 3295 quaerit
405 3233 504 3295 aquas
521 3211 555 3274 in
573 3211 664 3294 aquis
683 3223 714 3277 et
731 3233 826 3296 poma
843 3209 971 3294 fugacia
989 3218 1095 3293 captat

307 3298 475 3362 Tantalus:
494 3296 554 3361 hoc
571 3297 617 3361 illi
634 3298 762 3382 garrula
779 3297 889 3381 lingua
906 3294 1002 3358 dedit.

213 3405 245 3452 45
265 3384 340 3447 dum
358 3382 490 3447 nimium
508 3393 614 3448 servat
631 3394 737 3448 custos
754 3380 908 3462 Iunonius
928 3380 997 3456 Ion,

307 3479 379 3533 ante
397 3490 472 3533 suos
489 3491 589 3533 annos
608 3468 736 3544 occidit3
754 3467 808 3531 illa
826 3467 924 3531 deast.

264 3555 330 3618 vidi
347 3575 407 3639 ego
427 3554 633 3638 compedibus
651 3553 780 3619 liventia
797 3575 889 3617 crura
906 3562 1080 3636 gerentem,

306 3640 390 3705 unde
408 3640 457 3703 vir
473 3639 629 3704 incestum
647 3639 726 3705 scire
745 3650 871 3703 coactus
889 3649 965 3702 erat.

263 3748 367 3811 poena
385 3724 487 3788 minor
502 3725 629 3790 merito:
648 3724 755 3789 nocuit
773 3725 857 3788 mala
873 3723 983 3807 lingua
1001 3723 1140 3796 duobus3

213 3832 246 3880 50
307 3812 355 3874 vir
373 3811 486 3888 doluit,
504 3811 608 3876 famae
627 3812 743 3876 damna
760 3811 866 3896 puella
884 3809 964 3873 tulit.

264 3897 356 3962 crede
374 3896 466 3974 mihi,
484 3896 562 3961 nulli
580 3909 654 3961 sunt
672 3897 803 3961 cn'nrina
819 3906 911 3980 grata
928 3893 1050 3972 marite,

305 4004 365 4047 nec
382 4003 588 4066 quemquam,
607 3984 751 4067 quamvis
770 3982 891 4057 audiat,
909 3981 963 4045 illa
980 3981 1100 4045 iuvant.

264 4091 320 4132 seu
337 4079 438 4154 tepet,
455 4068 607 4133 indicium
627 4092 752 4134 securas
770 4067 875 4152 perdis
893 4066 935 4130 ad
952 4088 1058 4130 aures:

306 4155 373 4220 sive
390 4164 489 4231 amat,
508 4154 611 4219 officio
629 4156 665 4219 fit
683 4154 777 4220 miser
793 4153 846 4218 ille
866 4162 930 4215 tuo.

212 4260 245 4308 55
264 4241 358 4325 culpa
374 4262 434 4306 nec
452 4263 492 4305 ex
508 4240 595 4304 facili
612 4241 757 4324 quamvis
775 4237 942 4303 manifesta
959 4237 1123 4323 probatur:

305 4326 418 4391 iudicis
435 4327 489 4391 illa
507 4325 556 4389 sui
575 4336 643 4390 tuta
659 4325 768 4389 favore
786 4323 882 4387 venit.

263 4411 376 4478 viderit
392 4413 460 4498 ipse
477 4411 566 4488 licet,
584 4412 690 4477 credet
707 4423 812 4473 tamen
829 4409 881 4473 ille
898 4407 1028 4493 neganti

305 4498 531 4581 damnabitque
548 4498 656 4563 oculos
674 4506 706 4560 et
722 4494 784 4559 sibi
800 4493 899 4558 verba
917 4493 1013 4557 dabit.

93 4590 99 4603 ¹
178 4618 237 4664 ει.
260 4582 393 4671 aspiciet
424 4582 571 4650 dominae
598 4582 758 4656 lacrimas,
777 4579 914 4666 plorabit
931 4579 1047 4665 etipse

145 4666 167 4745 ’ξ
177 4670 247 4787 :ult
306 4678 339 4741 et
354 4668 439 4740 dicet
455 4675 588 4761 ‘poenas
606 4667 752 4761 garrulus
769 4666 829 4738 iste
847 4663 964 4737 dabitl'
