2604 4974
307 255 565 313 REMEDIORUM
580 253 722 311 AMORIS
740 254 884 311 432-519.
1039 239 1102 307 207

130 394 176 460 et,
194 380 221 446 si
238 384 339 467 prima
357 379 440 444 sinat
457 378 592 464 syllaba,
610 400 726 443 nomen
744 377 842 443 idem:

87 468 169 533 hanc
186 467 278 543 mihi,
297 467 323 531 si
340 465 456 567 sapiet,
474 485 582 550 perse
600 463 754 529 concedat
770 463 927 530 Achilles:

130 553 157 618 si
174 552 292 628 minus,
310 551 475 636 impenum
494 549 607 615 sentiet
622 548 676 614 ille
692 570 810 613 meum.

88 638 174 722 quod
191 637 289 720 siquis
306 647 447 700 vestrum
464 635 584 699 factum
601 634 662 699 hoc
679 645 822 710 accusat,
841 635 972 700 Achivis
989 694 991 697 ,

130 734 177 789 est
195 722 314 806 aliquid
332 721 437 785 valida
454 731 578 806 sceptra
595 730 702 786 tenere
719 742 825 784 manu.

86 833 161 873 nam
179 808 206 873 si
223 830 279 872 rex
297 828 357 892 ego
375 829 460 882 sum,
478 827 537 871 nec
554 827 679 870 mecum
697 805 832 871 dormiat
848 807 923 884 ulla,

128 895 161 957 in
179 916 251 957 mea
267 893 429 957 Thersites
446 913 546 977 regna
561 891 669 956 licebit
687 891 758 955 eat’

87 979 167 1044 dixit
184 989 215 1043 et
232 978 314 1043 hanc
331 977 442 1042 habuit
459 976 575 1041 solacia
592 998 710 1062 magna
726 976 849 1061 prioris,

129 1076 161 1129 et
177 1063 280 1149 posita
298 1072 345 1128 est
362 1084 532 1136 curacura
548 1063 674 1148 repulsa
691 1083 783 1126 nova.
800 1099 844 1109 —

87 1171 163 1235 ergo
181 1149 312 1213 adsume
328 1170 427 1213 novas
445 1159 576 1213 auctore
591 1149 835 1234 Agamemnone
852 1148 1005 1224 flammas,

130 1245 166 1298 ut
183 1246 255 1297 tuus
272 1234 305 1296 in
323 1234 409 1297 bivio
426 1232 612 1298 distineatur
630 1255 727 1297 arnor.

87 1318 226 1404 quaeris,
245 1318 301 1382 ubi
318 1319 477 1384 invenias?
494 1331 592 1395 artes,
610 1318 636 1395 i,
653 1319 783 1418 perlege
800 1329 936 1384 nostras:

128 1406 222 1489 plena
239 1404 416 1489 puellarum
434 1404 498 1467 iam
515 1404 572 1468 tibi
589 1427 679 1468 navrs
697 1404 765 1468 erit.

87 1489 200 1574 quodsi
217 1489 294 1573 quid
310 1499 480 1575 praecepta
496 1491 602 1554 valent
618 1512 704 1565 mea,
723 1488 826 1571 siquid
844 1489 960 1574 Apollo

128 1575 205 1640 utile
222 1576 370 1640 mortales
387 1575 536 1660 perdocet
553 1596 607 1639 ore
624 1595 706 1651 meo,

86 1661 232 1745 quamvis
249 1660 359 1725 infelix
376 1660 482 1724 media
499 1660 666 1725 torreberis
684 1661 800 1735 Aetna,

128 1746 272 1833 frigidior
289 1746 435 1811 dominae
452 1746 504 1810 fac
520 1745 647 1810 videare
663 1756 750 1810 tuae:

87 1843 118 1897 et
136 1854 248 1896 sanum
266 1832 393 1907 simula,
411 1854 466 1907 ne,
484 1830 589 1914 siquid
605 1831 687 1896 forte
704 1830 835 1908 dolebis,

129 1917 256 1994 sentiat,
275 1929 306 1982 et
322 1917 405 1992 ride,
424 1938 496 1982 cum
514 1915 572 1980 tibi
589 1916 711 1980 flendus
729 1916 800 1981 eris.

86 2024 149 2067 non
168 2025 227 2088 ego
244 2014 276 2068 te
293 2002 388 2067 iubeo
405 2002 525 2067 medias
543 2002 731 2087 abrumpere
748 2023 854 2067 curast

128 2109 192 2152 non
210 2099 284 2152 sunt
299 2088 423 2173 imperii
441 2098 505 2152 tam
523 2087 592 2152 fera
607 2086 695 2152 iussa
710 2088 782 2152 mei.

87 2175 172 2256 quod
188 2196 251 2238 non
270 2196 319 2249 es,
338 2173 465 2249 simula,
483 2173 665 2257 positosque
682 2173 805 2238 imitare
822 2173 960 2238 furores:

129 2259 174 2324 sic
191 2258 288 2323 facies
306 2281 395 2334 vere,
412 2258 499 2340 quod
516 2258 685 2322 meditatus
703 2258 774 2323 eris

87 2367 181 2429 saepe
199 2365 275 2429 ego,
291 2366 333 2408 ne
350 2343 505 2419 biberem,
524 2343 610 2407 volui
628 2343 764 2408 dormire
781 2343 895 2409 videri:

129 2430 205 2493 dum
223 2428 341 2505 videor,
359 2450 470 2493 somno
486 2428 607 2493 lumina
623 2429 707 2492 victa
725 2428 807 2493 dedi.

87 2515 254 2600 deceptum
270 2514 339 2590 risi,
357 2514 412 2597 qui
430 2536 463 2578 se
481 2514 651 2577 simulabat
668 2536 785 2590 amare,

127 2600 161 2664 in
177 2601 309 2684 laqueos
327 2621 442 2684 auceps
461 2598 683 2682 decideratque
702 2620 787 2663 suos.

85 2685 181 2750 intrat
197 2707 286 2750 amor
302 2696 423 2749 mentes
440 2707 516 2759 usu,
535 2684 706 2748 dediscitur
722 2706 797 2748 usu:

128 2770 183 2854 qui
199 2771 314 2855 poterit
331 2793 444 2834 sanum
461 2771 595 2855 lingere,
613 2792 709 2834 sanus
727 2768 795 2834 erit.

86 2855 213 2933 dixerit,
231 2867 267 2922 ut
283 2856 391 2921 venias
408 2866 501 2940 pacta
519 2855 576 2919 tibi
593 2868 698 2920 nocte:
716 2854 832 2920 venito.

128 2942 251 3006 veneris
256 2989 266 3019 ‚
284 2952 316 3007 et
333 2941 427 3007 fuerit
444 2942 540 3007 ianua
557 2942 678 3006 clausa:
696 2939 789 3006 feres

85 3049 145 3091 neo
163 3027 213 3091 dic
230 3027 413 3103 blanditias,
431 3049 490 3092 nec
507 3025 558 3091 fac
576 3026 714 3092 convitia
731 3027 825 3112 posti,

128 3133 186 3181 nec
203 3112 286 3176 latus
303 3113 336 3176 in
354 3113 432 3177 duro
450 3113 556 3176 limine
573 3134 655 3198 pone
672 3124 773 3177 tuum.

85 3207 211 3282 postera
227 3198 282 3261 lux
301 3198 414 3262 aderit:
433 3209 561 3262 careant
577 3210 632 3262 tua
649 3198 747 3262 verba
763 3196 920 3282 querellis,

129 3293 159 3346 et
176 3283 263 3346 nulla
279 3282 312 3346 in
330 3284 420 3347 vultu
438 3283 529 3368 signa
546 3282 680 3348 dolentis
697 3283 788 3348 habe.

85 3367 149 3431 iam
166 3378 262 3452 ponet
279 3367 390 3444 fastus,
408 3389 480 3432 curn
498 3380 529 3432 te
546 3369 698 3453 languere
715 3368 849 3434 videbit:

127 3452 188 3515 hoc
205 3452 299 3516 etiam
317 3464 424 3516 nostra
441 3475 556 3516 munus
575 3454 615 3517 ab
633 3466 700 3518 arte
717 3454 809 3519 feres.

85 3546 116 3601 te
134 3559 260 3621 quoque
277 3537 352 3601 falle
369 3549 489 3614 tamen,
506 3560 566 3602 nec
584 3539 624 3602 sit
641 3539 698 3603 tibi
715 3539 785 3603 finis
804 3539 931 3604 amandi

126 3622 316 3708 propositus.
359 3621 456 3686 frenis
473 3645 568 3708 saepe
585 3636 741 3709 repugnat
758 3645 869 3706 equus.

84 3707 201 3772 utilitas
219 3708 328 3784 lateat;
347 3707 433 3791 quod
450 3730 514 3773 non
530 3708 733 3793 profitebere,
751 3708 819 3775 fiet:

127 3814 208 3876 quae
225 3792 318 3856 nimis
336 3807 488 3878 apparent
505 3793 598 3869 retia,
616 3795 694 3858 vitat
711 3795 788 3858 avis.

83 3900 124 3942 ne
141 3878 198 3941 tibi
215 3888 280 3942 tam
298 3879 435 3962 placeat,
453 3900 536 3962 quae
553 3891 584 3944 tc
603 3891 802 3945 contemnere
820 3879 927 3965 possit,

126 3985 216 4027 sume
233 3964 369 4040 animos,
389 3964 500 4030 animis
519 3965 611 4030 cedat
627 3976 664 4029 ut
679 3966 734 4030 illa
751 3965 823 4030 tuis.

83 4048 178 4112 ianua
195 4048 275 4113 forte
293 4050 397 4134 patet?
423 4051 568 4132 quamvis
585 4051 792 4130 revocabere,
808 4052 920 4120 nansi.
