2604 4974
338 282 505 344 suonun
521 286 595 343 rna.
614 287 668 344 111.
687 279 842 359 v,s-v1,
859 284 902 344 42.
1071 262 1134 336 125

592 479 653 550 VI.

108 582 240 658 Amnis,
259 580 490 647 harundinibus
507 583 636 647 limosas
655 583 757 649 obsite
775 583 870 669 ripas,

151 668 192 732 ad
210 667 371 732 dominam
388 691 537 755 propero:
556 669 631 734 siste
648 692 820 755 parumper
837 668 950 753 aquasl

107 776 167 820 nec
186 754 244 817 tibi
262 765 335 818 sunt
353 766 481 839 pontes,
499 776 558 819 nec
576 776 658 838 quae
676 755 744 820 sine
762 755 891 841 remigis
907 755 974 820 ictu

151 862 292 904 concava
309 840 440 906 traiecto
458 841 575 906 cumba
592 840 725 907 rudente
742 842 848 906 vehat.

107 948 226 1013 parvus
244 948 329 1003 eras,
346 926 490 1004 memini,
508 948 568 993 neo
584 938 616 991 te
634 927 767 992 transire
784 927 899 1014 refugi,

151 1033 339 1096 summaque
356 1013 412 1078 vix
428 1014 508 1078 talos
527 1013 659 1099 contigit
676 1013 764 1078 unda
780 1035 878 1079 meos.

107 1121 194 1162 nunc
211 1099 292 1176 ruis,
310 1099 455 1184 adposito
472 1100 599 1164 nivibus
618 1100 657 1164 de
675 1112 782 1165 monte
800 1099 922 1177 solutis,

152 1196 184 1249 et
201 1185 287 1269 turpi
305 1206 427 1250 crassas
445 1187 572 1272 gurgite
590 1185 691 1251 volvis
709 1207 818 1270 aquas.

110 1270 189 1355 quid
206 1292 393 1355 properasse
410 1271 512 1347 iuvat,
531 1270 609 1355 quid
626 1294 723 1357 parca
741 1271 864 1337 dedisse
882 1272 982 1356 quieti

150 1366 307 1440 tempora,
326 1355 403 1440 quid
421 1357 507 1421 nocti
524 1357 721 1423 conseruisse
738 1358 832 1435 diem,

106 1442 134 1507 si
152 1453 260 1506 tamen
276 1441 328 1506 hic
346 1442 495 1507 standum
512 1453 575 1520 est,
593 1443 620 1506 si
637 1463 701 1506 non
720 1443 813 1507 datur
830 1441 951 1507 artibus
968 1441 1041 1506 ullis

150 1527 287 1607 ulterior,
297 1538 406 1592 nostro
423 1527 494 1613 ripa
510 1528 684 1613 premenda
700 1528 793 1614 pedi?

106 1635 193 1677 nunc
211 1635 271 1698 ego
289 1635 369 1698 quas
387 1612 499 1678 habuit
515 1613 629 1699 pinnas
647 1612 811 1679 Danaeius
829 1613 932 1689 heros,

150 1697 282 1763 terribili
301 1699 436 1763 densum
453 1721 527 1763 cum
545 1698 617 1763 tulit
633 1721 738 1784 angue
756 1710 861 1784 caput,

106 1806 193 1849 nunc
211 1794 286 1869 opto
304 1806 447 1861 currum,
465 1786 586 1868 dequo
606 1782 745 1850 Cerialia
761 1786 899 1870 primum

151 1870 273 1934 semina
290 1881 446 1936 venerunt
462 1869 497 1936 in
514 1871 593 1935 rude
610 1870 707 1936 missa
725 1871 838 1937 solum.

105 1956 291 2041 prodigiosa
307 1957 419 2040 loquor
436 1966 579 2022 veterum
597 1957 764 2023 mendacia
781 1969 905 2034 vatum;

149 2063 209 2106 neo
227 2042 299 2105 tulit
315 2041 396 2107 haec
413 2063 566 2126 umquam
583 2065 643 2108 neo
660 2042 741 2108 feret
757 2044 824 2109 ulla
841 2044 919 2108 dies.

106 2137 141 2193 tu
159 2128 281 2228 potius,
297 2128 375 2214 ripis
393 2128 494 2194 effuse
512 2129 682 2214 capacibus
701 2129 813 2206 amnis,
831 2165 874 2177 —-

151 2235 197 2278 slc
215 2224 361 2279 aeternus
379 2236 434 2278 eas
451 2251 495 2261 —-
511 2215 618 2281 labere
635 2216 699 2280 fine
717 2215 788 2282 tuo!

104 2321 170 2363 non
189 2299 249 2364 eris
266 2299 420 2377 invidiae,
438 2310 576 2378 torrens,
594 2301 798 2379 mihicrede,
816 2300 976 2379 ferendae,

150 2386 178 2450 si
196 2385 283 2450 dicar
322 2409 357 2451 er
374 2399 405 2450 te
423 2386 505 2452 forte
522 2398 663 2453 retentus
682 2410 803 2452 amans.

105 2471 238 2537 flumina
255 2408 414 2538 dedebant
430 2472 563 2539 iuvenes
580 2474 614 2537 in
631 2495 738 2537 amore
755 2473 879 2537 iuvare:

148 2556 281 2623 flumina
299 2571 464 2623 senserunt
480 2559 564 2643 ipsa,
582 2560 660 2643 quid
678 2570 761 2623 esset
778 2580 876 2623 amor.

105 2643 245 2708 Inachus
262 2643 296 2708 in
312 2644 412 2710 Melie
430 2645 603 2730 Bithynide
621 2645 758 2730 pallidus
777 2644 839 2709 isse

148 2729 264 2793 dicitur
281 2740 313 2794 et
329 2729 444 2814 gelidis
462 2731 632 2795 incaluisse
649 2729 748 2794 vadis.

105 2816 247 2880 nondum
265 2815 363 2880 Troia
380 2815 441 2880 fuit
459 2818 566 2881 lustris
584 2816 714 2881 obsessa
732 2815 867 2891 duobus,

149 2923 223 2966 cum
240 2901 345 2985 rapuit
362 2903 481 2977 vultus,
499 2901 647 2977 Xanthe,
665 2901 791 2966 Neaera
808 2912 889 2965 tuos.

107 2986 197 3070 quid,
215 3008 279 3050 non
296 2987 447 3071 Alpheon
465 2987 597 3054 diversis
615 3009 740 3052 currere
758 2987 849 3052 terris

149 3071 280 3156 virginis
298 3072 457 3139 Arcadiae
475 3085 580 3138 certus
598 3073 657 3139 ade
681 3073 706 3138 it
723 3073 831 3138 amor?

107 3169 137 3222 te
156 3179 284 3240 quoque
301 3159 489 3243 promissam
506 3158 650 3236 Xantho,
658 3096 792 3237 gPence,
811 3156 966 3224 Creusam

149 3241 337 3308 Phthiotum
355 3245 445 3308 terris
464 3245 640 3310 occuluisse
657 3245 774 3311 ferunt.

105 3329 184 3412 qnid
202 3328 337 3394 referam
355 3330 507 3415 Asopon?
533 3352 629 3414 quem
646 3331 731 3416 cepit
747 3330 872 3405 Martia.
884 3331 1007 3409 Thebe,

148 3426 296 3479 natarum
313 3415 425 3480 Thebe
443 3416 583 3501 quinque
600 3417 709 3481 futura
724 3439 850 3566 parens.

107 3522 227 3566 cornua
245 3501 272 3564 si
290 3512 345 3565 tua
362 3503 521 3566 nuncubi
539 3503 615 3578 sint,
633 3502 727 3567 Ache
739 3525 791 3580 oe,
810 3503 979 3587 requiram,

148 3587 299 3652 Herculis
316 3586 396 3651 irata
413 3586 515 3653 fracta
531 3609 664 3672 querere
682 3611 794 3653 manu:

105 3695 166 3738 nec
183 3672 264 3738 tanti
282 3669 443 3758 Calydon,
461 3695 520 3739 nec
538 3685 604 3739 tota
621 3674 751 3740 Aetolia
768 3675 857 3751 tanti,

150 3781 216 3822 una
233 3770 340 3823 tamen
358 3759 439 3823 tanti
454 3757 608 3825 Deianira
625 3759 695 3825 fuit.

105 3845 159 3910 ille
176 3845 278 3910 fluens
296 3844 384 3909 dives
402 3855 533 3930 septena
550 3868 608 3931 per
624 3845 705 3911 ostia
721 3845 825 3922 Nilus,

150 3929 204 4014 qui
222 3929 358 4030 patriam
375 3943 481 3995 tantae
499 3941 563 3996 tarn
581 3932 662 3996 bene
680 3933 762 3996 celat
779 3953 891 4014 aquae,

106 4015 210 4080 fertur
226 4039 259 4079 1n
277 4014 426 4082 Euanthe
444 4017 609 4081 collectam
627 4016 770 4102 Asopide
788 4017 949 4087 flammam

150 4100 278 4167 vincere
294 4101 473 4190 gurgitibus
491 4124 555 4170 non
573 4103 716 4193 potuisse
733 4103 813 4173 suis.
