2604 4974
267 292 434 350 aaronem
451 293 523 348 mn.
542 293 580 348 11.
598 293 678 363 xrv,
695 294 823 364 s-xm,
842 295 883 349 rc.

68 435 184 479 munus
203 438 256 479 eas
273 425 409 500 gratum.
453 427 485 482 te
502 419 586 482 laeta
602 428 707 483 mente
724 428 885 503 receptum

109 501 253 585 protinus
271 502 408 567 articulis
425 502 537 567 induat
553 504 608 568 illa
626 503 701 568 suis.

69 595 134 649 tam
151 586 233 651 bene
251 589 434 666 convenias,
453 611 550 672 quam
568 612 692 656 mecum
711 589 858 654 convenit
873 589 928 665 illi,

110 682 142 736 et
160 672 294 757 digitum
312 674 394 738 iusto
413 676 596 739 commodus
615 675 690 740 orbe
708 686 801 740 teras.

67 756 158 834 felix,
177 781 196 821 a
214 758 341 823 domina
358 760 558 838 tractaberis‚
576 762 684 838 anule,
702 773 818 825 nostra.

108 843 235 908 invideo
254 844 344 908 donis
361 845 426 909 iam
443 846 538 911 miser
554 846 622 930 ipse
640 847 729 912 meis.

67 949 86 990 o
104 929 225 992 utinam
242 930 312 994 fieri
329 931 434 995 subito
451 954 523 996 mea
541 955 673 996 munera
689 954 815 1016 possem

109 1014 228 1078 artibus
246 1015 375 1080 Aeaeae
394 1013 443 1080 Ca
481 1016 598 1082 athiive
616 1017 712 1082 senisl

66 1109 141 1163 tunc
159 1121 219 1184 ego
237 1123 288 1164 me
306 1102 432 1186 cupiam
471 1103 596 1167 ominae
613 1104 753 1188 tetigisse
770 1102 905 1188 papillas

108 1196 140 1249 et
156 1186 282 1250 laevam
298 1186 413 1252 tunicis
429 1187 598 1254 inseruisse
616 1211 758 1252 manum:

66 1270 174 1335 elabar
191 1271 305 1357 digito,
323 1273 467 1356 quamvis
485 1283 638 1360 angustus
657 1285 689 1340 et
704 1273 847 1350 haerens,

107 1358 205 1441 inque
223 1359 327 1422 sinum
344 1358 425 1422 mira
441 1360 533 1424 laxus
551 1359 592 1425 ab
611 1371 677 1425 arte
695 1360 816 1424 cadam.

65 1443 150 1508 idem
168 1465 227 1529 ego
245 1454 282 1508 ut
299 1466 430 1509 arcanas
447 1445 565 1532 possim
583 1445 708 1531 signare
725 1444 868 1520 tabellas,

106 1552 187 1595 neve
205 1540 301 1594 tenax
319 1552 424 1595 ceram
441 1532 589 1615 siccaque
606 1553 733 1618 gemma
751 1531 864 1606 trahat,

65 1615 173 1679 umida
189 1615 347 1680 formosae
364 1627 494 1703 tangam
513 1617 599 1702 prius
618 1639 673 1680 ora
689 1616 824 1701 puellae.

106 1712 230 1765 tantum
247 1724 288 1767 ne
306 1704 429 1788 signem
447 1703 564 1788 scripta
581 1702 717 1766 dolenda
734 1701 820 1764 mihi.

65 1786 91 1850 si
109 1787 222 1864 dabor,
239 1798 277 1851 ut
294 1788 422 1866 condar,
439 1789 565 1865 loculis,
584 1787 670 1853 exire
687 1787 823 1872 negabo,

106 1873 176 1937 adst
193 1872 201 1888 ‘
248 1895 305 1938 ens
322 1875 438 1976 digitos
456 1875 532 1938 orbe
550 1874 670 1938 minore
688 1885 769 1938 tuos.

63 1981 127 2022 non
146 1980 206 2045 ego
247 1960 372 2026 edeeorl
389 1959 447 2024 tibi
465 1961 538 2037 sim,
556 1983 628 2025 mea
644 1959 725 2036 vita,
743 1958 879 2033 futurus,

106 2045 233 2130 quodve
250 2056 339 2111 tener
356 2045 474 2132 digitus
492 2046 575 2110 ferre
592 2055 717 2110 recuset
734 2065 823 2108 onus.

63 2154 114 2196 me
131 2153 223 2216 gere,
242 2154 316 2195 cum
333 2131 441 2196 calidis
459 2131 630 2217 perfundes
648 2129 803 2195 imbribus
817 2138 918 2205 ,artua

105 2217 299 2301 fluminaque
316 2217 349 2282 in
366 2240 494 2303 gemma
509 2217 616 2302 perfer
633 2216 737 2280 euntis
755 2235 867 2298 aquae.

64 2303 134 2380 sed,
153 2315 244 2388 puto,
262 2314 294 2368 te
310 2305 397 2368 nuda
414 2325 486 2369 mea
502 2303 645 2369 membra
661 2299 791 2366 libidine
809 2309 950 2386 surgent,

104 2400 137 2453 et
153 2411 230 2489 pera
253 2413 306 2453 am
322 2401 427 2475 partes
445 2390 559 2454 anulus
576 2389 630 2453 ille
647 2386 715 2450 viri.

62 2474 157 2539 inrita
174 2412 253 2556 qurd
268 2476 389 2540 voveo?
414 2497 549 2562 parvum
566 2472 765 2560 proficiscere
783 2492 912 2535 munus:

103 2560 158 2624 illa
176 2560 283 2626 datam
300 2570 406 2625 tecum
425 2560 539 2627 sentiat
556 2581 625 2625 esse
642 2558 747 2623 fidem.

524 2713 622 2782 XVI.

61 2817 142 2882 Pars
158 2840 211 2882 me
229 2817 342 2884 Sulmo
359 2828 446 2883 tenet
462 2816 611 2902 Paeligni
627 2815 720 2880 tertia
736 2813 827 2887 ruris,

103 2926 218 2988 parva,
236 2904 293 2969 sed
310 2904 444 2990 inriguis
461 2925 517 2969 ora
534 2901 669 2968 salubris
687 2899 788 2984 aquis.

61 2990 109 3053 sol
126 2990 201 3054 licet
219 2990 345 3055 admoto
363 2991 508 3055 tellurem
526 2988 629 3053 sidere
645 2987 755 3062 findat,
792 3065 795 3070 ¹

103 3086 136 3141 et
151 3075 247 3140 micet
263 3075 359 3140 Icarii
376 3075 466 3140 stella
483 3085 631 3161 proterva
648 3073 749 3138 canis:

61 3182 138 3225 arva
154 3171 357 3247 pererrantur
373 3161 530 3247 Paeligna
546 3158 739 3244 liquentibus
758 3156 862 3234 undis,

103 3257 136 3311 et
152 3246 234 3312 viret
250 3246 283 3311 in
300 3257 408 3313 tenero
425 3247 537 3311 fertilis
555 3245 654 3311 herba
671 3245 748 3309 solo.

60 3342 145 3396 terra
161 3332 252 3399 ferax
271 3329 411 3410 Cereris,
429 3332 591 3415 multoque
609 3331 744 3396 feracior
761 3331 846 3406 uvis3

103 3417 158 3484 dat
174 3439 302 3502 quoque
319 3418 492 3484 baciferam
509 3417 643 3482 Pallada
659 3439 750 3481 rarus
768 3438 853 3501 ager.

60 3525 181 3588 perque
198 3515 398 3591 resurgentes
416 3503 491 3567 rivis
508 3503 688 3568 labentibus
706 3501 821 3565 herbas

103 3589 286 3676 gramineus
304 3590 465 3654 madidam
482 3610 612 3673 caespes
630 3587 798 3652 obumbrat
815 3585 957 3650 humum.

60 3686 94 3740 at
110 3698 200 3741 meus
217 3675 301 3762 ignis
319 3676 417 3740 abest
460 3675 558 3740 verbo
575 3673 776 3758 peccavimus
794 3692 872 3736 uno:

103 3786 186 3848 quae
203 3773 311 3827 movet
329 3762 472 3838 ardores,
491 3771 540 3825 est
556 3759 681 3844 procul;
700 3757 793 3822 ardor
810 3757 909 3821 adest.

60 3872 124 3915 non
142 3871 218 3934 ego,
236 3847 264 3913 si
279 3847 402 3912 medius
420 3847 553 3912 Polluce
571 3856 602 3910 et
620 3841 754 3909 Castore
771 3865 880 3928 ponar,

102 3936 136 4000 in
154 3934 234 3999 caeli
251 3933 318 3999 sine
336 3945 367 3999 te
385 3944 475 4019 parte
492 3931 590 3996 fuisse
608 3930 712 3995 velim.

59 4018 186 4088 solliciti
201 4019 325 4085 iaceant
341 4029 487 4102 terraque
503 4027 689 4105 premantur
704 4015 826 4098 iniqua,

102 4108 136 4172 in
151 4106 265 4192 longas
282 4105 392 4171 orbem
409 4103 465 4188 qui
483 4123 611 4169 secuere
628 4099 710 4165 vias!

112 4207 170 4254 Ovidi
178 4207 215 4251 cot
225 4203 245 4249 l.
896 4198 920 4254 Q
