2604 4974
233 741 276 808 88
571 752 604 809 Ρ.
623 752 734 811 OVIDI
750 752 914 810 NASONIS

231 866 366 964 denique
383 878 411 944 si
427 877 541 944 tumidi
557 878 620 942 ritu
638 878 784 943 torrentis
803 877 922 964 agebar

273 987 430 1049 caecaque
448 988 499 1030 me
516 964 667 1050 praedam
684 965 803 1029 fecerat
819 964 867 1027 ira
885 986 985 1040 suam,

179 1073 212 1122 45
230 1074 334 1117 nonne
353 1052 429 1116 satis
446 1050 550 1116 fuerat
568 1050 696 1114 timidae
713 1050 900 1114 inclamasse
916 1049 1040 1135 puellae

272 1158 332 1202 nec
348 1137 482 1200 nimium
498 1136 617 1221 rigidas
635 1135 808 1200 intonuisse
826 1134 947 1198 minas?

232 1234 287 1288 aut
304 1223 443 1286 tunicam
461 1244 586 1286 summa
604 1221 759 1286 deducere
777 1221 909 1306 turpiter
926 1241 982 1286 ora

274 1309 315 1373 ad
332 1307 489 1373 mediam?
506 1308 611 1372 media
628 1329 709 1371 zona
725 1307 848 1371 tulisset
866 1328 970 1391 opem.

232 1405 264 1459 at
281 1415 366 1458 nunc
384 1393 532 1470 sustinui,
550 1393 647 1478 raptis
666 1416 685 1456 a
702 1392 805 1457 fronte
823 1391 954 1477 capillis,

182 1501 214 1550 50
274 1480 395 1544 ferreus
412 1480 567 1565 ingenuas
586 1501 694 1563 ungue
712 1489 820 1542 notare
838 1500 947 1563 genas.

233 1565 353 1630 adstitit
369 1565 424 1629 illa
441 1587 549 1629 amens
568 1565 640 1628 albo
658 1576 690 1629 et
708 1564 774 1628 sine
793 1564 947 1648 sanguine
964 1565 1063 1641 vultu,

275 1650 450 1716 caeduntur
466 1650 570 1714 Pariis
589 1650 695 1733 qualia
713 1673 790 1714 saxa
807 1649 899 1734 iugis.

233 1737 385 1801 exanimis
404 1746 490 1801 artus
509 1749 539 1801 et
558 1735 700 1801 membra
717 1735 883 1800 trementia
900 1734 976 1811 vidi,

274 1833 310 1887 ut
328 1845 401 1887 cum
441 1824 570 1908 opuleas
588 1822 721 1886 ventilat
738 1844 815 1885 aura
833 1843 950 1898 comas,

151 1972 153 1976 .
181 1931 213 1979 55
231 1921 267 1973 ut
283 1908 347 1973 leni
365 1845 504 1995 zeplryro
524 1908 650 1994 gracilis
668 1908 811 1971 vibratur
829 1908 960 1984 arundo,

275 2016 438 2058 summave
456 2017 529 2059 cum
547 1993 654 2079 tepido
672 1992 836 2078 stringitur
853 1992 939 2056 unda
956 2002 1040 2058 noto.
1074 2005 1076 2011 '

233 2102 467 2165 suspensaeque
486 2080 541 2144 diu
558 2080 706 2144 lacrimae
723 2079 843 2143 fluxere
860 2101 917 2163 per
934 2100 998 2156 ora,

274 2165 410 2249 qualiter
427 2177 552 2231 umecta
570 2166 609 2230 de
627 2165 700 2229 nive
718 2175 826 2228 manat
842 2186 934 2247 aqua.

232 2262 308 2315 tunc
326 2274 386 2337 ego
404 2274 455 2316 me
472 2252 610 2337 primum
629 2250 719 2335 coepi
736 2251 851 2315 sentire
869 2260 1044 2315 nocentem.

181 2361 215 2410 60
276 2337 404 2423 sanguis
424 2350 491 2403 erat
507 2337 669 2413 lacrimae,
687 2357 766 2418 quas
785 2335 882 2400 dabat
897 2335 966 2413 illa,
983 2359 1083 2401 meus.

231 2433 280 2487 ter
296 2434 404 2488 tamen
421 2434 494 2488 ants
511 2423 609 2508 pedes
627 2421 713 2485 volui
730 2422 937 2506 procumbere
955 2424 1102 2508 supplex:

274 2520 322 2574 ter
339 2509 524 2574 formidatas
542 2507 680 2594 reppulit
697 2507 750 2571 illa
767 2530 890 2571 manus.

233 2605 266 2658 at
283 2607 318 2658 tu
336 2617 376 2659 ne
395 2593 506 2659 dubita
523 2629 566 2641 —
582 2593 704 2658 minuet
721 2593 860 2657 vindicta
878 2593 1017 2658 dolorem
1036 2633 1079 2644 —-

275 2680 417 2767 protinus
434 2680 468 2744 in
485 2679 590 2744 vultus
607 2679 770 2764 unguibus
787 2679 832 2743 ire
850 2701 947 2745 meos.

182 2789 214 2838 65
231 2789 291 2832 nec
308 2766 423 2830 nostris
441 2766 540 2830 oculis
558 2787 617 2830 nec
633 2765 749 2828 nostris
766 2787 861 2852 parce
880 2767 1001 2852 capillis
1018 2805 1061 2814 —

274 2851 448 2936 quamlibet
465 2851 606 2915 infirmas
624 2850 755 2917 adiuvat
772 2853 819 2917 ira
836 2875 949 2918 manus
966 2889 1010 2900 —

231 2961 313 3005 neve
330 2937 394 3002 mei
412 2937 538 3002 sceleris
556 2947 622 3002 tam
640 2936 742 3002 tristia
760 2939 851 3024 signa
868 2939 1035 3024 supersint,

274 3046 357 3110 pone
375 3023 599 3110 recompositas
617 3024 650 3088 in
669 3024 802 3089 statione
821 3045 936 3090 comas.

356 3131 366 3162 l

697 3179 792 3246 VHI.

231 3280 290 3346 Est
307 3282 465 3364 quaedam
483 3318 525 3328 —-
542 3281 735 3365 quicumque
752 3282 838 3346 volet
856 3304 1046 3368 cognoscere
1064 3284 1178 3360 lenam,

274 3367 395 3432 audiat:
414 3381 463 3431 est
480 3366 652 3450 quaedam,
670 3367 797 3432 nomine
814 3367 949 3454 Dipsas,
968 3392 1057 3433 anus.

232 3475 271 3517 ex
289 3474 323 3516 re
341 3474 457 3516 nomen
474 3453 580 3516 habet.
624 3452 707 3539 nigri
724 3474 788 3516 non
805 3454 859 3517 illa
878 3467 1041 3539 parentem

274 3538 456 3602 Memnonis
474 3539 507 3601 in
525 3538 623 3602 roseis
641 3539 746 3602 sobria
764 3539 842 3602 vidit
861 3539 961 3621 equis.

197 3646 212 3693 5
231 3624 286 3688 illa
303 3645 413 3707 magas
432 3635 515 3686 artes
533 3624 706 3706 Aeaeaque
724 3623 864 3689 carmina
881 3626 969 3689 novit

273 3710 370 3791 inque
388 3721 483 3793 caput
500 3708 635 3791 liquidas
653 3719 720 3774 arte
737 3721 884 3774 recurvat
901 3733 1009 3795 aquas.

231 3794 290 3859 scit
308 3794 403 3870 bene,
422 3794 501 3876 quid
518 3817 664 3879 gramen,
683 3795 760 3879 quid
777 3805 859 3860 torto
877 3796 1000 3861 concita
1017 3795 1150 3862 rhombo

273 3879 359 3955 licia,
378 3879 457 3962 quid
474 3880 579 3944 valeat
596 3881 682 3944 virus
701 3881 835 3945 amantis
854 3902 964 3966 equae.

230 3988 304 4030 curn
322 3965 434 4041 voluit,
453 3975 519 4029 toto
537 3967 753 4051 glomerantur
770 3967 879 4032 nubila
896 3969 997 4033 caelo:

182 4075 213 4123 10
274 4073 347 4116 cum
365 4051 479 4127 voluit,
497 4073 578 4136 puro
596 4052 699 4137 fulget
716 4052 843 4117 in-orbe
862 4054 938 4118 dies.

231 4136 400 4222 sanguiue,
419 4137 510 4220 siqua
527 4137 621 4214 tides,
640 4138 789 4202 stillantia
807 4139 910 4204 sidera
927 4139 1008 4204 vidi:

272 4244 450 4308 purpureus
469 4223 583 4287 Lunae
601 4223 755 4308 sanguine
772 4225 876 4288 vultus
895 4237 971 4289 erat.

230 4308 313 4373 hanc
331 4329 391 4392 ego
409 4320 579 4375 nocturnas
598 4331 722 4374 versam
740 4309 871 4374 volitare
888 4333 945 4395 per
962 4312 1090 4376 umbras

91 4446 102 4459 ..
273 4393 416 4479 suspicor
434 4405 465 4458 et
482 4395 592 4480 pluma
609 4416 722 4481 corpus
741 4395 823 4460 anile
841 4396 915 4482 tegi.

89 4478 108 4487 ““
181 4502 213 4552 rs
231 4502 285 4546 sus
306 4479 383 4556 icor,
402 4478 537 4544 etfama
554 4490 610 4545 est
655 4480 754 4545 oculis
773 4482 900 4564 quoque
917 4484 1038 4568 pupula
1056 4483 1173 4570 duplex

321 4564 433 4644 minat,
452 4576 485 4631 et
501 4565 629 4652 gemino
646 4566 753 4633 lumen
771 4567 813 4632 ab
831 4567 907 4633 orbe
925 4569 1020 4634 venit
