2604 4974
259 355 426 412 nuonuu
442 354 515 411 Lm.
534 359 556 412 1.
575 359 639 426 xv,
658 322 797 412 15-u1a.
816 355 853 411 11.
871 355 909 423 n,
927 353 969 412 rt.
1083 339 1125 406 99

108 503 182 545 cum
199 479 282 544 male
301 502 334 543 se
351 479 460 543 Tellus
478 479 544 543 ulta
562 492 624 555 est,
642 480 829 564 ingestaque
847 477 989 565 Olympo

149 566 250 630 ardua
267 565 423 629 devexum
439 563 552 628 Pelion
570 562 655 628 Ossa
673 565 753 628 tulit.

105 652 140 715 in
157 649 305 713 manibus
322 648 445 713 nimbos
464 659 495 712 et
513 670 586 713 cum
604 650 679 714 Iove
697 649 817 714 fulmen
834 648 1002 725 habebam,

149 735 236 819 quod
253 735 334 800 bene
352 756 409 819 pro
427 734 514 797 caelo
532 735 668 798 mitteret
685 735 737 798 ille
755 756 822 798 suo.

107 821 219 886 clausit
238 819 450 898 amicavfores.
494 840 554 903 ego
573 841 646 883 cum
664 820 740 884 Iove
757 819 878 883 fulmen
895 817 995 882 omisi.

149 905 266 971 excidit
282 903 409 989 ingenio
429 903 570 988 Iuppiter
587 903 655 989 ipse
672 926 753 969 meo.

107 992 260 1075 Iuppiter,
278 991 438 1074 ignoscas:
456 989 501 1052 nil
518 1011 568 1053 me
586 1001 641 1052 tua
658 990 755 1053 verba
772 988 932 1053 iuvabant.

150 1077 257 1139 clausa
274 1087 329 1139 tuo
347 1074 448 1138 maius
466 1073 562 1137 ianua
578 1073 699 1139 fulmen
715 1074 820 1138 habet.

106 1161 275 1225 blanditias
293 1161 462 1244 elegosque
480 1160 572 1234 levis,
590 1181 661 1223 mea
679 1161 755 1235 tela,
772 1159 943 1244 resumpsi:
993 1181 995 1188 ·

149 1246 327 1309 mollierunt
345 1245 439 1307 duras
457 1244 539 1307 lenia
557 1244 654 1308 verba
670 1244 764 1309 fores.

107 1331 246 1395 carmina
264 1327 455 1414 sanguineae
473 1329 632 1393 deducunt
651 1351 768 1393 cornua
784 1330 879 1394 lunae

150 1427 182 1480 et
199 1428 347 1480 revocant
365 1414 472 1478 niveos
492 1411 576 1478 Solis
594 1414 695 1477 euntis
714 1436 822 1497 equos,

107 1500 245 1565 carmine
264 1499 420 1563 dissiliunt
437 1498 578 1582 abruptis
595 1499 740 1563 faucibus
758 1521 888 1585 angues,

149 1585 246 1668 inque
264 1607 338 1648 suos
356 1584 460 1647 fontes
478 1605 569 1647 versa
587 1583 717 1647 recurrit
735 1605 826 1667 aqua.

106 1671 297 1736 carminibus
315 1691 436 1734 cessere
453 1668 551 1744 fores,
570 1669 748 1752 insertaque
767 1669 871 1753 posti,¹

149 1755 293 1838 quamvis
311 1755 408 1818 robur
425 1769 506 1831 erat,
524 1754 661 1818 carmine
678 1756 762 1818 victa
780 1776 850 1819 sera
867 1766 923 1820 est.

106 1842 183 1924 quid
201 1841 278 1903 mihi
296 1839 449 1925 profuerit
466 1840 558 1904 velox
577 1852 719 1903 cantatus
738 1840 898 1905 Achilles?

149 1926 225 2009 quid
243 1948 300 2010 pro
318 1948 368 1988 me
387 1924 516 1989 Atrides
534 1926 613 1988 alter
630 1937 661 1990 et
679 1926 757 1989 alter
774 1937 878 2010 agent,

106 2012 224 2094 quique
242 2023 287 2074 tot
305 2009 437 2074 errando
456 2022 532 2092 quot
549 2009 631 2074 bello
648 2010 784 2096 perdidit
801 2033 910 2087 annos,

147 2109 257 2181 raptus
275 2106 306 2160 et
324 2095 508 2159 Haemoniis
526 2095 638 2159 flebilis
657 2096 777 2159 Hector
794 2097 903 2180 equis?

106 2194 139 2245 at
155 2181 236 2245 facie
255 2195 381 2245 tenerae
398 2180 527 2244 laudata
544 2202 638 2265 saepe
655 2181 779 2265 puellae

148 2268 190 2331 ad
207 2279 325 2342 vatem,
344 2265 481 2351 pretium
499 2265 659 2341 carminis,
677 2267 747 2350 ipsa
764 2266 863 2331 venit:

105 2375 221 2436 magna
240 2352 333 2433 datur
349 2372 478 2416 merces.
522 2350 653 2414 heroum
671 2351 755 2414 clara
772 2353 875 2416 valete

146 2436 287 2501 nomina:
306 2458 369 2500 non
387 2448 461 2520 apta
478 2446 525 2500 est
541 2437 643 2520 gratia
660 2447 765 2500 vestra
782 2437 868 2500 mihi.

105 2523 146 2587 ad
164 2545 235 2586 mea
252 2523 406 2586 formosos
424 2521 526 2585 vultus
545 2521 692 2585 adhibete
710 2522 833 2606 puellae

146 2608 300 2683 earmina,
317 2628 494 2693 purpureus
512 2607 689 2689 quaemihi
707 2606 804 2671 dictat
821 2608 933 2671 Amor.

587 2758 632 2822 II.

105 2863 210 2946 Quem
227 2885 324 2948 penes
342 2873 389 2927 est
407 2861 567 2926 dominam
585 2862 730 2926 servandi
749 2885 838 2938 cura,
856 2862 977 2948 Bagoe,

146 2949 221 3012 dum
239 2969 357 3033 perago
376 2959 479 3011 tecum
497 2969 614 3032 pauca,
632 2949 688 3011 sed
707 2958 795 3033 apta,
813 2969 901 3012 vaca.

104 3034 251 3100 hesterna
266 3032 331 3096 vidi
349 3033 536 3117 spatiantem
553 3035 623 3098 luce
640 3033 777 3119 puellam

145 3119 214 3194 illa,
233 3139 314 3201 quae
332 3118 438 3181 Danai
455 3119 593 3202 porticus
611 3141 726 3202 agmen
744 3117 848 3182 habet.

103 3204 260 3290 protinus,
278 3216 314 3267 ut
330 3203 461 3287 placuit,
479 3203 550 3267 misi
568 3203 747 3288 scriptoque
765 3203 884 3288 rogavi.

145 3287 305 3374 rescripsit
322 3287 443 3373 trepida
460 3295 537 3351 ‘non
555 3288 641 3352 licet'
658 3289 712 3352 illa
729 3312 835 3352 manu.

103 3388 148 3451 et,
166 3396 224 3439 cur
238 3395 303 3438 non
320 3373 427 3449 liceat,
445 3374 607 3456 quaerenti
624 3374 747 3437 reddita
764 3397 860 3438 causa
877 3387 934 3448 est,

145 3459 231 3543 quod
248 3458 381 3523 nimium
398 3458 543 3523 dominae
562 3480 637 3522 cura
654 3459 786 3523 molesta
803 3472 858 3524 tua
876 3472 932 3524 est.

104 3546 130 3610 si
147 3544 247 3629 sapis,
265 3566 284 3608 0
303 3556 422 3619 custos,
440 3544 547 3606 odium
564 3579 607 3589 -—
624 3543 701 3606 mihi
718 3544 811 3609 crede
828 3581 872 3590 —
889 3545 1001 3609 mereri

146 3629 268 3695 desine:
287 3650 380 3712 quem
399 3628 510 3692 metuit
527 3628 674 3712 quisque,
693 3629 810 3714 perisse
828 3630 924 3714 cupit.

104 3714 153 3780 vir
169 3736 297 3798 quoque
314 3736 378 3778 non
396 3713 530 3798 sapiens.
574 3713 651 3796 quid
669 3714 752 3778 enim
770 3734 895 3780 servare
912 3714 1042 3789 laboret,

145 3800 230 3865 unde
247 3799 339 3874 nihil,
357 3800 500 3882 quamvis
517 3821 581 3862 non
599 3811 720 3874 tueare,
738 3799 840 3883 perit?

104 3885 160 3950 sed
176 3894 267 3970 gerat
282 3884 336 3949 ille
353 3905 410 3947 suo
428 3905 547 3949 morem
564 3884 701 3948 furiosus
719 3884 828 3960 amori,

146 3983 179 4036 et
196 3980 331 4045 castum,
348 3969 455 4033 multis
473 3969 558 4051 quod
575 3971 692 4054 placet,
710 3991 779 4034 esse
796 3979 899 4053 putet:

105 4054 179 4121 huic
196 4055 314 4118 furtiva
330 4066 385 4119 tuo
403 4055 529 4118 libertas
548 4076 677 4119 munere
695 4053 796 4130 detur,

146 4162 242 4226 quam
260 4140 382 4206 dederis
400 4140 458 4216 illi,
476 4139 586 4204 reddat
603 4150 639 4204 ut
655 4139 709 4204 illa
726 4138 792 4203 tibi.

919 4239 957 4297 *μ
