2604 4974
301 219 467 276 1110111111
483 219 556 274 mn.
575 220 627 275 111.
646 220 922 290 111110-11110.
1042 201 1102 269 131

564 412 635 476 1Χρ

85 517 260 582 Memnona
278 515 304 579 si
322 524 431 589 mater,
449 525 550 579 mater
567 515 701 600 ploravit
718 512 888 589 Achillem,

128 613 159 666 et
177 611 312 686 tangunt
329 623 462 684 magnas
479 600 578 664 tristia
595 600 662 664 fata
679 601 764 675 deas,

85 686 199 752 flebilis
216 685 378 770 indignos,
397 684 544 769 Elegeia,
562 686 649 750 solve
666 686 811 770 capillos:

128 794 161 848 a,
179 770 272 834 nimis
291 794 331 835 ex
349 792 423 834 vero
441 793 525 835 nunc
542 770 601 834 tibi
618 792 733 837 nomen
751 769 822 835 eritl

84 857 138 922 ille
155 856 202 921 tui
219 868 307 920 10100
325 855 443 940 operis,
462 867 518 920 tua
534 856 634 931 fama,
652 856 799 920 Tibullus

128 943 218 1006 ardet
234 941 267 1005 in
285 952 442 1018 extructo,
461 962 575 1028 corpus
592 942 702 1018 inane,
720 963 755 1005 ro
779 962 808 1004 0.

85 1048 173 1103 ecce,
192 1049 271 1112 puer
288 1026 421 1091 Veneris
439 1025 500 1090 fert
518 1048 724 1110 eversamque
740 963 920 1111 pbaretram

128 1125 160 1177 et
176 1111 291 1176 fractos
310 1134 401 1175 arcus
419 1122 451 1176 01
468 1112 535 1176 sine
552 1113 623 1176 luce
640 1112 753 1176 facem.

84 1196 206 1282 aspice,
246 1196 390 1261 demissis
407 1207 444 1261 ut
461 1208 512 1262 eat
528 1197 715 1263 miserabilis
733 1197 791 1261 alis

128 1295 317 1369 pectoraque
335 1282 450 1346 infesta
467 1283 579 1346 tundat
596 1295 705 1367 aperta
722 1305 828 1346 manu.

85 1369 247 1454 excipiunt
263 1367 409 1432 lacrimas
426 1367 526 1453 sparsi
542 1390 599 1452 per
616 1368 698 1432 colla
714 1367 828 1452 capilli,

129 1474 247 1539 oraque
264 1452 405 1537 singultu
422 1454 619 1517 concutiente
638 1465 760 1516 sonant.

85 1539 191 1603 fratris
208 1538 241 1602 in
258 1538 389 1603 Aeneae
407 1538 452 1602 sio
468 1538 556 1602 illum
574 1539 685 1603 funere
704 1539 812 1603 dicunt

128 1646 292 1709 egressum
309 1622 414 1698 tectis,
432 1623 564 1708 pulcher
581 1623 665 1700 Iule,
684 1624 756 1688 tuis.

85 1731 145 1775 nec
161 1709 265 1772 minus
284 1721 332 1773 est
349 1708 482 1772 confusa
499 1708 610 1773 Venus
627 1709 779 1774 moriente
796 1709 934 1783 Tibullo,
1123 1724 1154 1774 15

128 1817 224 1878 quam
241 1793 349 1858 iuveni
365 1794 451 1878 rupit
468 1816 540 1857 cum
557 1794 644 1859 ferus
662 1795 781 1879 inguen
798 1817 883 1880 aper.

85 1892 117 1945 at
135 1880 216 1944 sacri
234 1891 323 1944 10100
340 1891 372 1944 01
390 1879 498 1943 divum
516 1901 592 1944 cura
613 1879 772 1944 vocamurl

128 1975 202 2030 sunt
219 1965 329 2041 etiam,
347 1965 402 2047 qui
419 1986 478 2028 nos
494 1988 612 2030 numen
629 1965 746 2030 babere
763 1963 890 2050 putenti

86 2050 205 2116 scilicet
221 2071 314 2113 omne
332 2072 456 2114 sacrum
474 2072 557 2114 mors
574 2051 743 2135 inportuna
759 2050 915 2136 profanat,

128 2135 273 2200 omnibus
291 2136 443 2199 obscuras
460 2135 548 2199 inicit
564 2136 619 2199 illa
635 2158 758 2200 manus.

85 2221 161 2305 quid
178 2233 268 2306 pater
286 2221 433 2296 Ismario,
452 2221 530 2303 quid
547 2233 648 2285 mater
665 2221 798 2306 profuit,
817 2219 968 2306 Orpheo?

128 2307 265 2371 carmine
283 2305 360 2389 quid
378 2306 476 2369 victas
495 2305 684 2391 obstipuisse
702 2306 806 2370 feras?

84 2393 210 2456 selinon
226 2391 260 2455 in
278 2391 363 2455 silvis
380 2390 463 2454 idem
481 2403 581 2475 pater,
600 2391 737 2468 selinon,
756 2391 826 2455 altis

127 2477 241 2542 dicitur
258 2476 357 2539 invita
374 2476 569 2540 concinuisse
586 2476 665 2561 lyra.

83 2563 173 2629 adice
190 2560 399 2637 Maeoniden,
417 2585 436 2624 0
454 2581 531 2644 quo,
550 2583 608 2626 ceu
625 2562 712 2626 fonte
730 2561 869 2647 perenni,

126 2659 236 2713 vatum
253 2646 367 2711 Pieriis
385 2668 440 2710 ora
457 2647 600 2730 rigantur
617 2647 721 2730 aquis:

83 2734 168 2798 hunc
186 2754 313 2816 quoque
331 2755 455 2795 summa
472 2731 539 2795 dies
556 2732 648 2817 nigro
666 2731 834 2797 submersit
851 2732 994 2796 Averno:

126 2817 297 2904 diffugiunt
315 2817 425 2881 avidos
443 2817 583 2881 carmina
601 2818 668 2881 sola
685 2839 789 2903 rogos.

84 2905 177 2968 durat
195 2926 274 2988 opus
292 2915 416 2978 vatum,
434 2902 564 2967 Troiani
581 2903 811 2989 famulaberis,

126 2989 279 3072 tardaque
297 3001 451 3052 nocturno
469 2989 532 3053 1010
548 2999 671 3054 retexta
688 2988 775 3053 dolo:

84 3076 130 3140 sic
147 3074 291 3138 Nemesis
309 3073 454 3158 longum,
473 3074 518 3139 sic
535 3074 631 3139 Delia
647 3096 763 3139 nomen
780 3074 952 3150 habebunt,

127 3160 226 3224 011010
243 3181 321 3223 cura
337 3181 462 3234 recens,
480 3160 578 3224 altera
595 3161 715 3244 primus
733 3181 830 3224 amor.

84 3247 161 3330 quid
179 3267 235 3309 vos
254 3245 488 3309 0001010101111
514 3245 590 3328 quid
607 3268 692 3310 nunc
709 3245 872 3331 Aegyptia
888 3255 1019 3330 prosunt

128 3330 238 3396 sistra?
265 3329 342 3414 quid
359 3329 391 3393 in
410 3351 510 3394 100110
528 3331 710 3395 secubuisse
728 3333 816 3395 toro?

85 3441 158 3482 cum
176 3416 303 3516 rapiunt
319 3415 403 3479 mala
421 3414 487 3479 fata
505 3417 617 3492 bonos,
635 3416 848 3500 --ignoscite
865 3415 950 3480 fasso
967 3452 1010 3463 -

129 3503 276 3566 sollicitor
293 3501 396 3564 nullos
414 3522 483 3565 esse
500 3512 612 3585 putare
631 3501 716 3564 deos.

85 3589 158 3652 vive
175 3587 260 3672 pius:
280 3585 412 3650 moriere
430 3586 511 3670 pius.
556 3587 623 3650 cole
642 3608 744 3650 sacra:
764 3587 918 3650 colentem

128 3694 212 3736 mors
229 3671 336 3757 gravis
354 3695 373 3735 0
390 3671 514 3756 templis
531 3671 563 3735 in
582 3693 660 3735 0010
677 3671 771 3735 busta
788 3671 900 3735 trahet.

87 3759 278 3822 carminibus
296 3756 418 3821 confide
437 3756 542 3820 bonis:
561 3757 642 3821 iacet
660 3778 732 3821 ecce
750 3755 897 3820 Tibullus
903 3781 912 3832 ;

129 3845 183 3907 vix
200 3855 307 3906 manet
324 3865 341 3906 e
359 3853 438 3917 toto,
456 3865 555 3927 parva
573 3841 659 3925 quod
676 3864 756 3905 urna
774 3841 866 3926 capit.

87 3940 173 4004 tene,
191 3950 280 3992 sacer
298 3940 400 4002 vates,
418 3929 563 3991 flammae
581 3949 713 4012 rapuere
731 3929 856 4012 rogales

128 4013 309 4103 pectoribus
326 4013 414 4098 pasci
431 4035 490 4078 nec
507 4013 639 4078 timuere
656 4013 738 4076 tuis?

898 4110 933 4162 qt
