2604 4974
220 712 263 779 24
576 727 610 817 a.
629 725 919 787 ovmrnasours

262 853 377 918 occidit
394 876 413 917 a
432 853 510 917 duro
528 854 595 918 sola
612 854 722 919 relicta
738 855 815 919 viro.

219 939 298 1004 haec
315 940 393 1003 mihi
410 962 566 1004 narraras.
610 950 642 1004 at
659 963 711 1005 me
728 963 856 1006 movere
874 951 1057 1006 merentem.

261 1025 336 1091 inde
354 1025 456 1089 minor
473 1025 586 1110 culpae
603 1048 707 1111 poena
724 1026 833 1091 futura
850 1049 922 1091 mea
940 1037 996 1092 est.

168 1129 200 1179 85
218 1133 278 1176 nec
295 1110 374 1175 mihi
390 1133 479 1176 mens
498 1111 595 1176 dubia
613 1123 675 1188 est,
694 1113 770 1195 quin
788 1123 819 1177 te
837 1123 892 1176 tua
908 1114 1039 1178 numina
1057 1113 1218 1178 damnent:

260 1220 318 1283 per
335 1220 437 1275 mare,
455 1220 513 1282 per
529 1208 628 1262 terras
647 1200 781 1300 septima
798 1200 895 1263 iactat
912 1197 1045 1284 hiemps.

218 1283 367 1348 fluctibus
385 1283 521 1348 eiectum
539 1293 608 1347 tuta
625 1294 759 1348 statione
777 1285 883 1369 recepi

261 1370 378 1453 vixque
397 1369 478 1434 bene
496 1368 604 1433 audito
622 1369 750 1433 nomine
767 1392 867 1456 regna
884 1370 968 1434 dedi.

218 1455 267 1520 his
285 1465 392 1520 tamen
410 1454 523 1519 officiis
541 1454 663 1518 utinam
681 1465 829 1520 contenta
845 1455 986 1534 fuissem,

169 1560 201 1609 90
245 1547 293 1607 Ι01
311 1541 389 1606 mihi
405 1540 592 1605 concubitus
610 1539 696 1605 fama
715 1541 837 1625 sepulta
854 1540 951 1605 foretl

218 1627 273 1692 illa
291 1627 359 1692 dies
376 1627 499 1702 nocuit,
519 1647 582 1708 qua
599 1649 658 1690 nos
677 1627 798 1691 declive
816 1626 877 1691 sub
894 1637 1020 1690 antrum

262 1713 434 1778 caeruleus
445 1711 557 1776 subitis
575 1733 645 1776 com
669 1711 728 1777 ulit
744 1712 847 1778 imber
864 1713 964 1795 aquis.

220 1799 383 1864 audieram
400 1819 525 1864 vocem:
543 1735 700 1883 nymphas
718 1798 857 1864 ululasse
875 1799 998 1884 putavi:

261 1884 456 1950 Eumenides
474 1883 549 1948 fatis
567 1884 658 1970 signa
676 1883 791 1949 dedere
808 1884 901 1950 meis!

170 1988 201 2038 95
220 1971 327 2057 exige,
344 1971 430 2036 laese
448 1969 565 2055 pudor,
583 1992 715 2055 poenas,
734 1970 930 2054 umbraeque
949 1969 1097 2055 Sychaei,

262 2058 303 2122 ad
321 2078 401 2140 quas
419 2054 485 2138 (me
502 2055 681 2141 miseraml)
698 2058 792 2142 plena
809 2057 940 2143 pudoris
958 2078 1006 2121 eo.

220 2154 268 2208 est
284 2143 362 2207 mihi
379 2163 556 2207 marmorea
574 2154 715 2207 sacratus
732 2143 765 2206 in
783 2144 861 2207 aede
880 2141 1059 2228 Sychaeus:

263 2229 426 2315 appositae
443 2228 572 2293 frondes
590 2228 770 2312 velleraque
788 2228 861 2293 alba
879 2240 1001 2314 tegunt.

220 2315 294 2381 hinc
312 2336 373 2401 ego
391 2336 442 2379 me
461 2314 545 2379 sensi
561 2323 637 2378 noto
656 2325 768 2396 quater
785 2336 839 2379 ore
858 2314 961 2378 citari:

154 2419 203 2469 100
261 2402 331 2487 ipse
349 2421 426 2466 sono
443 2400 532 2465 tenui
549 2399 630 2464 dixit
647 2398 781 2477 ‘Elissa
800 2399 903 2466 venil'

220 2487 308 2553 nulla
325 2507 416 2550 mora
433 2496 495 2563 est,
513 2485 617 2550 venio.
662 2486 754 2551 venio
771 2485 830 2551 tibi
847 2486 955 2551 debita
972 2486 1120 2552 coniunx.

263 2595 334 2638 sum
351 2582 458 2637 tamen
476 2571 605 2636 admissi
621 2572 712 2636 tarda
729 2571 850 2656 pudore
868 2572 940 2636 mei.

221 2659 263 2724 da
279 2659 406 2724 veniam
423 2658 550 2743 culpae:
570 2658 694 2742 decepit
711 2657 845 2722 idoneus
863 2670 988 2736 auctor;

262 2745 416 2810 invidiam
432 2765 535 2808 noxae
554 2743 689 2808 detrahit
706 2744 758 2808 ille
776 2767 876 2809 meae.

153 2849 203 2900 105
221 2831 295 2897 diva
311 2853 427 2917 parens
445 2829 612 2912 seniorque
629 2840 729 2914 pater,
747 2830 801 2914 pia
818 2830 941 2895 sarcina
957 2831 1034 2908 nati,

263 2940 351 3003 spem
370 2915 448 2981 mihi
465 2915 606 2979 mansuri
623 2915 681 2980 rite
700 2915 815 2981 dedere
833 2916 902 2980 viri.

220 3002 327 3069 siluit
343 3001 527 3079 errandum,
546 3023 658 3066 causas
676 3001 772 3066 habet
790 3025 877 3067 error
893 3001 1050 3068 honestas.

263 3089 345 3154 adde
361 3087 472 3154 fidem:
489 3087 578 3153 nulla
594 3097 684 3173 parte
701 3088 859 3174 pigendus
878 3089 945 3153 erit.

221 3175 314 3239 durat
329 3174 364 3238 in
381 3185 571 3250 extremum,
590 3173 737 3256 vitaeque
754 3174 926 3239 novissima
942 3185 1069 3241 nostrae

153 3280 203 3330 110
262 3261 464 3346 prosequitur
480 3259 552 3336 fati,
571 3259 626 3343 qui
644 3258 705 3324 fuit
722 3272 810 3337 ante,
828 3272 927 3325 tenor.

220 3346 336 3412 oceidit
352 3346 491 3410 internas
509 3345 648 3410 coniunx
664 3357 821 3411 mactatus
840 3347 880 3411 ad
898 3369 979 3424 aras,

263 3444 296 3498 et
312 3432 438 3497 sceleris
456 3430 536 3495 tanti
551 3430 693 3515 praemia
710 3431 808 3496 frater
825 3431 932 3497 habet.

221 3518 312 3585 exsul
330 3540 407 3603 agor
425 3517 607 3599 cineresque
624 3517 684 3580 viri
701 3517 899 3602 patriamque
916 3518 1060 3601 relinquo

264 3614 296 3670 et
313 3604 399 3668 feror
416 3603 449 3667 in
467 3602 561 3666 duras
579 3602 669 3666 hoste
688 3614 838 3685 sequente
856 3604 937 3668 vias:

154 3710 203 3759 115
221 3691 363 3776 adplioor
379 3689 511 3774 ignotis,
528 3688 681 3771 fratrique
700 3690 806 3773 elapsa
823 3689 978 3773 fretoque,

264 3775 350 3859 quod
367 3775 425 3839 tibi
443 3773 571 3850 donavi,
589 3774 723 3858 perfide,
741 3774 816 3839 litus
835 3797 915 3851 ema.

221 3862 332 3927 urbem
351 3860 513 3937 constitui,
531 3859 656 3943 lateque
674 3861 815 3946 patentia
831 3861 886 3925 fixi

263 3947 389 4011 moenia
405 3945 545 4010 finitimis
562 3945 718 4011 invidiosa
735 3947 822 4012 loeis.

220 4034 305 4098 bella
322 4041 453 4097 tument.
497 4031 588 4096 bellis
605 4033 772 4117 peregrina
790 4044 822 4099 et
838 4033 957 4099 femina
974 4044 1110 4120 temptor

155 4140 203 4188 120
264 4120 380 4202 vixque
397 4118 484 4183 rudis
502 4128 608 4202 portas
627 4118 714 4183 urbis
732 4131 764 4183 et
782 4143 869 4184 arma
886 4142 974 4204 paro.

221 4205 306 4268 mille
323 4205 426 4290 procis
444 4203 563 4290 placui,
582 4203 638 4286 qui
655 4227 706 4269 me
725 4205 826 4270 coiere
847 4216 1013 4288 querentes

263 4291 482 4372 nescioquem
501 4289 647 4354 thalamis
664 4292 885 4376 praeposuisse
904 4292 978 4355 suis.

222 4375 300 4458 quid
317 4375 442 4439 dubitas
460 4377 578 4440 victam
597 4373 735 4442 Gaetulo
754 4377 877 4441 tradere
895 4376 1029 4442 Iarbae?

263 4460 463 4547 praebuerim
481 4461 592 4526 sceleri
608 4462 757 4527 bracchia
774 4474 882 4527 nostra
899 4475 964 4527 tuo.

137 4562 195 4609 125
213 4559 264 4609 est
282 4547 379 4610 etiam
397 4545 506 4625 frater,
526 4547 616 4612 ouius
633 4571 747 4615 manus
764 4548 862 4638 impia
879 4549 979 4637 possit

1245 730 1290 965 't
