2604 4974
342 254 903 326 AMORUMLIB.1.1V‚43—v1,3o.
1090 239 1132 308 85

110 399 192 461 quae
211 399 284 442 cum
301 376 345 441 ita
363 390 533 464 pugnaret,
551 390 713 462 tamquam
730 399 812 461 quae
831 377 957 442 vincere
975 377 1082 454 nollet,
1150 398 1181 448 15

153 463 238 528 victa
255 474 303 528 est
320 484 383 527 non
402 486 496 550 aegre
513 464 689 549 proditione
707 485 774 526 sua.

111 559 147 612 ut
163 549 249 612 stetit
267 560 339 612 ante
357 550 464 613 oculos
482 549 584 634 posito
602 547 758 612 velamine
776 559 910 623 nostros,

153 633 186 696 in
203 644 269 697 toto
287 655 443 717 nusquam
462 655 591 718 corpore
608 632 723 697 menda
740 632 809 696 fuit.

111 740 190 801 quos
208 740 349 793 umeros,
366 719 475 800 quales
493 719 559 782 vidi
577 719 729 802 tetigique
746 716 893 781 lacertosi

152 803 255 867 forma
271 803 460 888 papillarum
477 825 573 886 quam
590 803 651 866 fuit
668 813 742 888 apta
759 802 873 886 premi!

110 909 207 970 quam
224 888 377 972 castigato
394 889 508 972 planus
526 888 586 951 sub
603 898 730 973 pectore
747 886 872 951 venterl

153 984 306 1054 quantum
325 984 356 1036 et
373 974 466 1055 quale
484 973 580 1036 latus!
592 1004 594 1008 v
608 994 704 1055 quam
720 973 867 1036 iuvenale
884 971 1003 1036 femurl

111 1057 236 1142 singula
253 1057 330 1140 quid
347 1057 500 1121 referam?
526 1058 571 1121 nil
588 1079 652 1122 non
669 1057 828 1121 laudabile
845 1056 920 1131 vidi,

153 1152 183 1206 et
201 1143 320 1206 nudam
336 1143 437 1226 pressi
455 1164 569 1228 corpus
586 1142 745 1225 adusque
762 1164 879 1207 meum.

110 1237 234 1292 caetera
250 1227 321 1310 quis
338 1228 456 1291 nescit?
482 1227 557 1292 lassi
573 1227 786 1311 requievimus
803 1227 907 1291 ambo.

151 1312 337 1397 proveniant
354 1312 450 1376 medii
467 1312 513 1376 sic
530 1312 606 1403 mihi
625 1334 718 1397 saepe
740 1311 821 1377 diesl

590 1465 648 1532 Vl.

108 1566 237 1644 Ianitor,
256 1567 436 1652 indignum,
456 1568 536 1631 dura
553 1568 684 1652 religate
703 1577 824 1644 catena,

151 1651 313 1716 difficilem
330 1664 415 1717 moto
433 1653 560 1717 cardine
577 1653 682 1738 pande
699 1652 810 1717 forem.

108 1737 194 1820 quod
211 1759 332 1822 precor,
350 1739 500 1823 exiguum
518 1749 575 1802 est.
619 1739 706 1801 aditu
723 1737 775 1801 fac
792 1738 887 1804 ianua
903 1758 1002 1823 parvo

151 1821 289 1886 oblicum
307 1825 411 1908 capiat
428 1824 659 1908 semiadaperta
675 1824 768 1887 latus.

107 1906 222 1992 longus
239 1929 327 1972 amor
344 1909 422 1974 tales
441 1930 554 1994 corpus
572 1908 715 1973 tenuavit
731 1908 764 1972 in
781 1930 858 1972 usus

150 2002 287 2078 aptaque
304 1994 461 2058 subducto
479 2016 608 2078 corpore
625 1993 769 2058 membra
786 1992 881 2057 dedit

109 2077 163 2142 ille
179 2099 237 2162 per
255 2079 404 2143 excubias
422 2080 589 2143 custodum
607 2080 718 2143 leniter
735 2077 780 2142 ire

149 2174 315 2238 monstrat,
333 2163 504 2229 inoffensos
522 2164 629 2248 dirigit
645 2165 698 2228 ille
715 2164 821 2248 pedes.

107 2258 140 2311 at
157 2249 316 2330 quondam
334 2260 460 2314 noctem
477 2249 707 2332 simulacraque
726 2271 807 2312 vana
825 2248 984 2314 timebam.

148 2333 295 2411 mirabar,
315 2335 452 2399 tenebris
471 2335 612 2418 quisquis
630 2335 731 2399 iturus
749 2345 826 2398 erat.

106 2417 188 2494 risit,
207 2430 242 2482 ut
260 2419 416 2496 audirem,
434 2431 543 2485 tenera
561 2442 634 2484 cum
650 2430 750 2484 matre
769 2416 894 2504 Cupido

148 2514 180 2568 et
197 2504 307 2569 leviter
324 2506 395 2570 ‘fies
412 2518 447 2569 tu
465 2526 591 2589 quoque
608 2504 711 2569 fortis'
730 2503 784 2569 ait.

105 2611 164 2653 nec
181 2611 284 2664 mora,
302 2591 388 2655 venit
405 2612 503 2654 amor.
547 2611 611 2654 non
628 2589 757 2654 umbras
775 2599 866 2654 nocte
885 2590 1029 2667 volantis,

147 2696 211 2738 non
228 2674 323 2739 timeo
341 2677 464 2740 strictas
482 2675 515 2738 in
532 2697 603 2739 mea
620 2674 687 2739 fata
703 2696 826 2738 manus.

104 2770 136 2824 te
153 2759 287 2823 nimium
302 2760 423 2826 lentum
440 2761 549 2836 timec,
568 2760 625 2824 tibi
643 2759 787 2823 blandior
803 2759 873 2824 uni:

147 2857 195 2922 tu,
213 2867 264 2910 me
282 2866 345 2929 quo
363 2846 465 2946 possis
482 2845 628 2947 perdere,
646 2844 767 2909 fulmen
784 2843 893 2909 habes.

105 2930 210 3015 aspice
226 2929 273 3013 (ct
289 2942 327 2995 ut
343 2932 466 3009 videas,
484 2931 606 2997 mmitia
624 2932 761 2995 claustra
777 2931 910 3015 relaxa),

147 3017 211 3079 uda
228 3016 268 3079 sit
284 3027 321 3081 ut
337 3017 474 3082 lacrimis
490 3018 587 3081 ianua
603 3017 688 3081 facta
706 3015 794 3080 meis.
836 3030 838 3037 '

105 3111 189 3164 certe
207 3123 281 3186 ege,
300 3123 373 3166 cum
390 3103 493 3188 posita
510 3114 609 3167 stares
627 3102 668 3165 ad
685 3101 818 3166 verbera
834 3111 933 3177 veste,

147 3185 188 3248 ad
206 3186 365 3251 dominam
383 3210 439 3273 pro
457 3200 489 3253 te
505 3189 604 3253 verba
620 3196 773 3252 tremente
791 3186 859 3251 tuli.

106 3293 139 3334 er
162 3292 181 3334 o
200 3292 282 3353 quae
300 3273 400 3337 valuit
416 3295 474 3358 pro
491 3285 522 3337 te
541 3295 667 3356 quoque
684 3272 787 3357 gratia
804 3271 973 3353 quondam,

139 3293 210 3420 dieu
226 3356 374 3421 facinusl·
392 3380 449 3443 pro
467 3381 518 3423 me
535 3379 620 3422 nunc
637 3359 721 3422 valet
738 3357 793 3421 illa
809 3357 941 3441 parum?

104 3440 201 3506 redde
219 3442 320 3507 vicem
337 3444 465 3508 meritis.
510 3453 601 3529 grato
618 3443 692 3506 licet
710 3465 792 3518 ease,
811 3442 897 3525 quod
915 3452 1017 3528 optas.

147 3537 290 3611 tempora
306 3528 406 3593 noctis
424 3540 508 3593 eunt.
553 3539 665 3592 excute
681 3541 770 3612 poste
789 3526 905 3591 seraml

105 3611 231 3676 excute!
250 3648 293 3658 -
310 3613 355 3676 sic
372 3636 523 3697 umquam
540 3614 637 3712 longa
653 3614 791 3677 relevere
810 3621 930 3688 catena,

147 3718 205 3760 nec
222 3697 279 3761 tibi
295 3709 448 3783 perpetuo
466 3721 558 3765 serva
576 3698 702 3762 bibatur
719 3696 815 3780 aqua!

103 3781 224 3846 ferreus
243 3795 385 3848 orantem
402 3785 609 3867 nequiquam,
628 3783 749 3859 ianitor,
769 3782 869 3846 audis.

146 3867 312 3932 roboribus
331 3869 416 3932 duris
433 3870 529 3934 ianua
546 3869 627 3933 fulta
643 3869 734 3953 riget.

104 3951 236 4016 urbibus
254 3953 389 4018 obsessis
407 3955 533 4019 clausae
551 3954 725 4017 munimina
741 3963 850 4038 portae

146 4048 292 4124 prosunt:
311 4039 344 4102 in
362 4039 466 4104 media
483 4062 562 4125 pace
580 4038 657 4122 quid
675 4062 762 4103 arma
779 4038 889 4105 times?
