2604 4974
323 294 673 354 POETAEOVIDIANI
689 292 803 355 NUOIS
821 288 913 351 1-63.
1068 270 1131 341 221

150 421 312 507 coepimus
322 421 363 505 ¹in
380 421 504 507 patulas
520 419 682 486 luxuriare
701 441 817 484 comas.
1151 432 1184 483 20

105 529 192 574 nunc
209 528 312 590 neque
330 506 497 571 continuos
515 518 690 571 nascuntur
707 527 803 590 poma
820 526 877 590 per
894 524 1003 578 annos,

148 615 275 676 uvaque
293 593 380 657 laesa
397 593 527 656 domum
543 592 692 675 laesaque
711 592 809 655 bacca
827 588 923 654 venit.

106 700 191 744 nunc
208 687 299 743 utero
316 676 393 742 vitio
412 688 460 743 est
474 699 556 761 quae
575 677 643 741 vult
661 677 801 742 formosa
817 675 929 752 videri,

149 785 283 847 raraque
300 764 334 826 in
351 768 412 828 hoo
430 785 509 827 aevo
527 773 588 839 est,
607 784 689 846 quae
708 762 784 827 velit
801 783 870 826 esse
888 782 1012 846 parens.

107 861 191 915 certe
209 871 283 933 ego,
303 849 329 912 si
347 870 522 932 numquam
538 849 746 935 peperissem,
764 847 860 911 tutior
878 868 994 912 essem:

149 936 209 999 ista
228 932 459 1018 Clytaemestra
477 934 574 1020 digna
592 934 731 1018 querella
748 933 819 997 fuit.

107 1021 134 1086 si
152 1021 230 1085 sciat
247 1021 307 1084 hoc
325 1020 412 1096 vitis,
430 1031 596 1084 nascentes
614 1042 652 1083 su
674 1020 789 1105 primet
806 1040 900 1083 uvas:

150 1107 304 1189 orbaque,
323 1104 350 1169 si
368 1105 447 1169 sciat
463 1105 538 1182 hoc,
555 1043 697 1170 Palladis
716 1105 809 1169 arbor
827 1105 895 1169 erit.

108 1193 167 1256 hoc
185 1193 218 1256 in
236 1191 379 1254 notitiam
397 1191 503 1256 veniat
520 1192 668 1274 maloque
685 1191 832 1276 piroque:

150 1277 320 1342 destituent
337 1276 432 1340 silvas
450 1290 584 1360 utraque
601 1298 696 1362 poma
714 1299 797 1341 suas.

110 1362 269 1450 [quaeque
287 1362 348 1426 sibi
366 1362 453 1428 vario
472 1362 637 1448 distinguit
654 1384 749 1448 poma
767 1359 895 1446 colore]

151 1449 259 1513 audiat
276 1448 337 1512 hoc
355 1470 496 1514 cerasus:
516 1449 613 1535 stipes
630 1448 733 1513 inanis
751 1448 819 1513 erit.

107 1558 171 1600 non
189 1533 336 1617 equidem
353 1534 495 1599 invideo:
513 1534 669 1618 numquid
687 1544 793 1600 tamen
811 1533 876 1597 ulla
893 1530 1015 1609 feritur,

149 1643 232 1704 quae
251 1619 363 1684 sterilis
382 1620 450 1684 sola
468 1620 690 1706 conspicienda
708 1640 799 1684 coma
817 1619 884 1684 est?

107 1707 224 1772 cernite
242 1706 381 1770 sinceros
399 1728 508 1770 omnes
526 1728 566 1771 ex
584 1706 693 1771 ordine
711 1716 850 1781 truncos,

149 1793 204 1875 qui
222 1791 317 1856 modo
334 1792 392 1868 nil,
412 1813 509 1875 quare
527 1793 752 1877 percutiantur,
771 1790 898 1854 habent.

107 1889 140 1943 at
156 1877 234 1941 mihi
253 1900 348 1943 saeva
364 1888 478 1942 nocent
496 1878 648 1942 mutilatis
668 1877 798 1942 vulnera
815 1876 920 1953 ramis,

148 1964 298 2046 nudaque
316 1963 437 2028 deiecto
457 1964 571 2028 cortice
588 1964 676 2049 ligna
692 1973 811 2048 patent.

106 2070 171 2114 non
189 2050 296 2114 odium
314 2049 390 2114 facit
407 2049 482 2126 hoc,
501 2051 557 2115 sed
575 2072 647 2134 spes
665 2049 795 2115 inducta
812 2049 951 2134 rapinae.

149 2135 323 2200 sustineant
341 2136 421 2200 aliae
438 2156 547 2221 poma:
566 2147 737 2219 querentur
754 2136 848 2200 idem.

106 2222 152 2286 sic
170 2244 243 2286 reus
260 2221 313 2285 ille
331 2221 397 2284 fere
420 2232 481 2298 est,
501 2222 540 2285 de
558 2243 622 2303 quo
641 2221 772 2285 victoria
789 2221 877 2285 lucro

149 2330 218 2371 esse
236 2318 354 2392 potest:
373 2306 475 2391 inopis
493 2307 617 2371 vindice
636 2307 721 2371 facta
739 2316 856 2371 carent.

105 2393 151 2458 sic
169 2393 258 2456 timet
275 2392 421 2468 insidias,
440 2390 495 2475 qui
513 2414 546 2457 se
564 2390 624 2455 scit
641 2391 724 2456 ferre
742 2391 854 2468 viator,

150 2501 206 2542 cur
223 2478 345 2543 timeat:
365 2489 468 2541 tutum
486 2477 586 2563 carpit
603 2477 705 2541 inanis
722 2477 791 2542 iter.

105 2565 152 2629 sic
169 2586 229 2649 ego
248 2564 315 2628 sola
331 2576 436 2649 petor,
455 2562 514 2627 soli
531 2561 606 2645 quia
624 2584 721 2626 causa
738 2561 866 2647 petendi
884 2571 946 2627 est:

148 2649 315 2714 frondibus
331 2649 457 2713 intactis
476 2659 581 2713 cetera
598 2648 691 2713 turba
709 2648 798 2713 viret.

105 2759 179 2800 nam
198 2735 284 2818 quod
301 2734 420 2799 habent
436 2734 566 2799 frutices
584 2734 637 2798 alii
655 2755 782 2817 quoque
799 2733 944 2819 proxima
961 2731 1054 2796 nobis

148 2820 320 2906 fragmina,
339 2842 422 2904 quae
440 2821 526 2884 laeso
544 2820 661 2884 vimine
678 2821 779 2884 multa
796 2821 912 2884 iacent:

105 2929 169 2971 non
187 2907 254 2971 istis
272 2929 330 2971 sua
348 2906 432 2970 facta
449 2917 579 2983 nocent;
598 2906 712 2970 vicinia
730 2907 846 2970 damno
864 2917 921 2970 est.

149 2992 310 3078 excipiunt
326 2992 393 3056 ictu
410 3014 488 3056 saxa
504 2992 631 3077 repulsa
648 3014 729 3056 meo.

104 3080 202 3162 idque
219 3078 282 3143 fide
301 3090 421 3154 careat,
439 3079 467 3143 si
484 3100 562 3155 non,
581 3100 663 3162 quae
681 3078 806 3163 longius
825 3078 952 3156 absunt,

149 3165 292 3228 nativum
309 3164 444 3230 retinent
461 3164 610 3229 inviolata
628 3165 736 3229 decus.

106 3272 199 3336 ergo,
218 3250 245 3313 si
263 3250 402 3335 sapiant,
421 3260 453 3316 et
470 3262 608 3316 mentem
627 3250 725 3315 verba
742 3260 926 3333 sequantur,

150 3337 326 3400 devoveant
343 3336 472 3401 umbras
490 3336 635 3422 proxima
652 3357 797 3419 quaeque
815 3358 913 3400 meas.

106 3444 203 3507 quam
221 3422 372 3486 miserum
389 3433 450 3497 est,
470 3423 575 3487 odium
596 3425 709 3488 nostris
729 3426 878 3490 accedere
896 3425 1029 3500 damnis,

149 3529 263 3590 meque
281 3530 367 3571 ream
386 3507 502 3572 nimiae
519 3507 729 3593 proximitatis
748 3504 814 3591 egil
832 3542 877 3551 --

107 3595 180 3670 sed,
198 3603 289 3679 puto,
308 3615 426 3677 magna
442 3615 514 3657 mea
532 3604 579 3657 est
598 3615 730 3677 operoso
749 3613 825 3655 cura
842 3590 975 3655 colono?

149 3678 307 3755 invenias,
326 3679 381 3761 qui
400 3679 454 3743 det
470 3679 515 3742 nil
532 3678 624 3755 mihi,
643 3689 768 3764 praeter
785 3675 935 3740 humum!

108 3776 222 3852 sponte
240 3786 312 3829 mea
329 3764 431 3828 facilis
450 3776 629 3850 contempto
647 3785 760 3828 nascor
776 3763 809 3827 in
827 3784 919 3848 agro:

152 3872 288 3937 parsque
305 3850 381 3927 loci,
399 3871 463 3933 qua
481 3863 543 3926 sto,
561 3851 689 3936 publica
705 3871 806 3935 paene
824 3848 878 3916 via
896 3857 952 3912 est.
1150 3865 1184 3916 60

107 3961 174 4013 me,
193 3947 262 4001 sata
279 3959 319 4002 ne
336 3936 461 4000 laedam
478 3970 521 3983 —
538 3936 689 4020 quoniam
704 3945 736 3998 et
754 3947 823 3997 sata
841 3932 966 3996 laedere
985 3931 1071 3995 dicor
1088 3965 1130 3977 —-

152 4024 235 4088 imus
252 4023 285 4086 in
303 4034 444 4087 extremo
462 4023 604 4108 margine
622 4021 740 4086 fundus
757 4021 867 4086 habet.

107 4134 174 4180 nou
191 4107 269 4177 mihi
285 4107 351 4178 falx
369 4108 483 4178 nimias
502 4106 658 4179 Saturnia
675 4108 814 4199 deputat
827 4105 993 4175 amaras,
