2604 4974
239 336 407 397 nuonuu
423 339 496 395 am.
516 340 552 394 11.
571 339 650 410 xvr,
669 339 844 411 17-xv111,
863 336 905 395 14.
1024 320 1086 391 115

63 461 119 526 dat
135 461 234 526 facies
252 463 383 526 animos.
427 463 510 527 facie
528 463 665 527 violenta
684 460 824 527 Corinna
841 474 897 528 est.

105 570 157 612 me
174 548 341 622 miserum,
359 569 416 611 cur
434 559 481 612 est
499 559 564 611 tam
582 548 663 612 bene
680 560 755 611 nota
772 548 852 613 sibi?

63 633 183 698 scilicet
200 655 220 697 a
237 633 358 718 speculi
375 645 544 698 sumuntur
560 633 699 718 imagine
717 633 832 697 fastus:

105 740 165 782 nec
183 717 243 783 nisi
261 719 456 802 conpositam
474 742 508 782 se
527 718 614 804 prius
632 719 686 782 illa
703 718 798 783 videt.

62 825 128 868 non
145 803 204 867 tibi
221 803 248 867 si
264 803 362 868 facies
379 804 512 868 nimium
531 805 585 868 dat
601 803 635 867 in
652 805 759 868 omnia
775 804 875 890 regni,
892 840 934 853 -·

106 911 125 953 0
143 888 241 954 facies
259 890 366 953 oculos
385 901 459 953 nata
476 901 584 955 tenere
601 889 702 954 meos!
720 926 764 936 -

63 975 213 1039 collatum
230 974 347 1038 ichrco
365 975 422 1039 tibi
439 998 491 1040 me
509 987 708 1040 contemnere
727 976 838 1040 debes:

107 1060 208 1144 aptari
225 1061 349 1144 magnis
366 1060 516 1125 inferiora
531 1061 614 1126 licet.
740 1101 742 1105 ·

63 1146 199 1210 traditur
216 1156 247 1210 et
264 1147 403 1230 nymphe
421 1146 562 1210 mortalis
580 1168 686 1210 amore
704 1143 845 1232 Calypso

106 1242 199 1315 capta
215 1243 414 1295 recusantem
432 1232 604 1296 detinuisse
621 1231 735 1294 virum.

64 1317 203 1381 creditur
221 1336 410 1398 aequoream
426 1316 544 1381 Phthio
562 1316 700 1383 Nereida
717 1317 795 1403 regi,

105 1401 257 1486 Egeriam
274 1402 357 1466 iusto
376 1402 583 1467 concubuisse
601 1402 741 1467 Numae:

62 1488 207 1554 Volcano
226 1487 398 1564 Venerem,
416 1489 561 1572 quamvis
577 1488 692 1553 incude
710 1487 818 1553 relicta

106 1572 239 1656 turpiter
256 1572 385 1655 obliquo
404 1573 558 1638 claudicet
576 1573 628 1637 ille
646 1573 736 1658 pede.

64 1658 211 1723 carminis
228 1657 289 1722 hoc
305 1657 409 1743 ipsum
428 1681 530 1744 genus
546 1659 663 1743 impar:
682 1659 739 1724 sed
755 1669 861 1723 tamen
879 1672 952 1744 apte

105 1743 248 1829 iungitur
264 1743 381 1808 herous
398 1766 471 1808 cum
488 1743 631 1810 breviore
649 1745 753 1808 modo.

63 1840 98 1894 tu
116 1851 243 1913 quoque
260 1851 325 1906 me,
344 1852 415 1894 mea
431 1831 501 1905 lux,
519 1830 552 1894 in
569 1829 728 1913 quaslibet
746 1830 854 1915 accipe
871 1831 974 1916 leges:

106 1926 137 1980 te
156 1914 267 1979 deceat
283 1916 387 1979 medio
405 1916 474 1979 iura
491 1916 615 1981 dedisse
633 1916 712 1980 foro.

64 2023 127 2064 non
145 2001 202 2064 tibi
220 2001 338 2064 crimen
356 2022 419 2077 ero,
437 2023 496 2065 neo
512 2022 576 2083 quo
593 2003 710 2066 laetere
727 2012 857 2066 remoto.

106 2109 171 2151 non
190 2086 249 2151 erit
266 2085 318 2150 hic
334 2086 426 2150 nobis
443 2086 626 2151 infitiandus
644 2108 741 2151 amor.

66 2182 138 2237 sunt
156 2171 234 2236 mihi
252 2194 309 2257 pro
327 2193 443 2258 magno
461 2172 566 2237 felicia
583 2172 723 2237 carmina
740 2195 847 2250 censu,

108 2269 139 2323 et
155 2259 274 2322 multae
292 2280 349 2342 per
365 2280 417 2322 me
433 2280 550 2322 nomen
566 2257 684 2324 habere
702 2259 821 2322 volunt.

65 2345 138 2406 novi
157 2343 309 2426 aliquam,
328 2365 410 2425 quae
428 2367 462 2408 se
480 2343 679 2409 circumferat
698 2366 765 2408 ease
785 2341 968 2408 Corinnam.

107 2441 141 2492 ut
159 2428 230 2505 fiat,
248 2429 326 2511 quid
343 2450 407 2493 non
424 2429 478 2493 illa
496 2429 620 2494 dedisse
637 2429 733 2494 velit?

65 2514 121 2578 sed
138 2535 242 2596 neque
260 2513 375 2578 diversi
392 2515 462 2599 ripa
478 2514 629 2579 labuntur
646 2515 757 2579 eadem

107 2599 242 2684 frigidus
261 2598 399 2664 Eurotas
415 2600 635 2684 populiferque
653 2599 773 2675 Padus,

65 2708 134 2762 nec,
152 2684 213 2748 nisi
231 2696 280 2760 tu,
298 2686 413 2749 nostris
431 2685 610 2749 cantabitur
627 2685 692 2748 ulla
709 2685 837 2749 libellis:

107 2771 236 2855 ingenio
254 2792 366 2835 causas
385 2783 420 2834 tu
437 2770 527 2835 dabis
545 2793 610 2835 una
627 2791 707 2834 meo.

509 2923 641 2990 XVIII.

65 3023 205 3091 Carmen
223 3025 264 3091 ad
280 3026 396 3090 iratum
415 3027 491 3091 dum
510 3038 544 3091 tu
561 3027 708 3112 perducis
726 3027 875 3094 Achillen

106 3113 272 3198 primaque
290 3112 400 3176 iuratis
417 3113 522 3177 induis
540 3136 628 3178 arma
645 3114 731 3190 viris,

63 3220 136 3272 nos,
154 3197 277 3273 Macer,
294 3198 411 3282 ignava
428 3199 562 3264 Veneris
579 3221 739 3264 cessamus
756 3200 789 3264 in
807 3200 929 3277 umbra,

106 3295 138 3347 et
155 3294 245 3347 tener
262 3305 395 3347 ausuros
412 3284 546 3369 grandia
563 3284 682 3371 frangit
698 3285 810 3350 Amor.

64 3391 159 3454 saepe
177 3391 268 3433 meae
286 3369 443 3432 ‘tandem'
462 3369 528 3432 dixi
546 3369 699 3435 ‘discede'
718 3372 856 3455 puellae:

106 3455 141 3518 in
158 3453 279 3539 gremio
297 3454 378 3518 sedit
396 3454 539 3538 protinus
556 3456 610 3519 illa
627 3477 706 3520 meo.

65 3562 160 3625 saepe
180 3539 304 3624 ‘pudet'
324 3539 400 3603 dixi.
443 3539 579 3603 lacrimis
598 3541 651 3603 vix
668 3541 722 3605 illa
739 3542 866 3606 retentis

109 3631 175 3689 ‘me
192 3624 353 3699 miseram,
371 3624 435 3689 iam
452 3625 498 3689 te'
517 3625 596 3689 dixit
614 3633 734 3691 ‘amare
752 3627 883 3711 pudetl’

66 3710 284 3794 implicuitque
302 3732 376 3774 suos
394 3711 512 3775 circum
530 3733 601 3775 mea
619 3713 700 3776 colla
716 3713 849 3776 lacertos

109 3808 155 3872 et,
175 3817 257 3879 quac
274 3818 325 3860 me
342 3796 494 3880 perdunt,
512 3797 621 3861 oscula
637 3798 722 3862 mille
741 3797 836 3862 dedit.

67 3881 187 3956 vincor,
206 3891 237 3946 et
253 3879 416 3966 ingenium
435 3882 568 3966 sumptis
586 3893 752 3947 revocatur
770 3882 810 3946 ab
828 3882 933 3961 armis,

110 3989 224 4050 resque
242 3966 328 4029 domi
345 3978 450 4052 gestas
469 3978 501 4031 et
517 3991 588 4031 mea
605 3968 689 4032 bella
706 3989 794 4031 cano.

69 4064 192 4137 sceptra
209 4062 315 4116 tamen
333 4052 467 4137 sumpsi,
486 4074 624 4135 curaque
641 4053 804 4138 tragoedia
820 4064 928 4119 nostra

113 4139 225 4215 crevit,
243 4148 274 4202 et
291 4137 365 4202 huic
382 4138 468 4227 operi
486 4138 659 4226 quamlibet
677 4150 769 4226 aptus
786 4163 885 4205 eram.

899 4241 936 4299 Q·
