2604 4974
235 723 278 789 74
570 739 604 794 Ρ.
622 740 733 796 ovim
749 737 911 795 NASONIS

275 860 390 938 idme,
408 861 494 944 quod
509 862 666 944 quereris,
684 862 849 926 conciliare
866 872 977 945 potest.

183 965 216 1014 25
233 968 297 1010 non
314 968 375 1032 ego
392 960 520 1022 natura,
536 969 596 1011 neo
613 970 685 1011 sum
702 960 768 1011 tam
786 947 918 1011 callidus
934 969 1010 1010 usu:

274 1031 432 1095 sollertem
449 1044 484 1095 tu
502 1055 568 1108 me,
586 1033 694 1107 crede,
711 1033 833 1116 puella,
849 1030 938 1095 facis.

231 1126 262 1180 te
279 1116 357 1180 mihi
374 1117 567 1201 compositis,
586 1117 691 1201 siquid
708 1130 814 1181 tamen
831 1117 969 1202 egimus,
987 1139 1007 1180 a
1024 1138 1074 1180 me

273 1201 441 1265 adstrinxit
458 1201 563 1266 verbis
580 1203 762 1288 ingeniosus
779 1203 892 1266 Amor.

230 1286 353 1351 dictatis
372 1287 413 1350 ab
430 1308 468 1350 eo
485 1286 548 1351 feci
564 1288 723 1372 sponsalia
740 1287 844 1352 verbis

178 1389 212 1437 5ο
272 1373 479 1455 consultoque
496 1372 544 1435 fui
560 1372 636 1435 iuris
653 1373 775 1436 Amore
792 1372 891 1438 vafer.

229 1455 270 1520 sit
286 1456 373 1520 fraus
391 1455 465 1521 huic
480 1457 566 1521 facto
583 1479 713 1532 nomen,
732 1457 882 1540 dicarque
900 1456 1042 1520 dolosus:

162 1578 166 1587 ·
271 1541 299 1604 si
314 1552 421 1605 tamen
438 1553 500 1618 est,
519 1543 605 1625 quod
622 1565 709 1607 ames
727 1543 808 1606 velle
824 1556 946 1615 tenere,
965 1541 1066 1605 dolus.

228 1648 268 1690 en
285 1627 399 1691 iterum
416 1626 519 1691 scribo
536 1627 691 1710 mittoque
708 1627 854 1712 rogantia
870 1626 977 1690 verba.

270 1712 368 1775 altera
384 1710 472 1776 fraus
490 1710 569 1777 haec
585 1724 649 1789 est,
667 1712 816 1796 quodque
832 1711 990 1794 queraris,
1008 1710 1117 1775 babes.

177 1813 210 1861 55
228 1795 255 1860 si
272 1817 386 1873 noceo,
403 1797 490 1879 quod
506 1819 594 1874 amo,
611 1797 727 1862 fateor:
745 1798 812 1861 sine
829 1797 892 1860 fine
908 1795 1030 1860 nocebo

269 1891 378 1964 teque,
395 1881 460 1966 peti
477 1903 590 1947 caveas
607 1893 644 1946 tu
659 1883 746 1959 licet,
763 1881 833 1967 ipse
849 1892 964 1966 petam.

226 1988 284 2050 per
299 1967 422 2051 gladios
440 1967 492 2031 alii
509 1967 641 2052 placitas
658 1990 791 2053 rapuere
808 1967 944 2053 puellas:

270 2051 386 2137 scripta
401 2052 480 2116 mihi
497 2065 588 2117 caute
605 2053 709 2118 littera
726 2053 845 2117 crimen
863 2051 941 2116 erit?

228 2135 262 2199 di
278 2136 410 2214 faciant,
426 2138 544 2220 possim
561 2139 668 2223 plures
683 2138 836 2222 inponere
851 2136 963 2213 nodos,

175 2240 210 2288 40
268 2233 305 2285 ut
322 2232 377 2285 tua
395 2223 435 2285 sit
451 2223 539 2286 nulla
554 2222 655 2287 libera
671 2235 761 2307 parte
777 2222 867 2286 fides.

226 2306 311 2370 mille
329 2307 393 2371 doli
410 2319 543 2373 restant:
562 2307 644 2372 clivo
662 2308 813 2372 sudamus
829 2308 863 2371 in
879 2306 958 2371 imo:

161 2436 164 2441 -
269 2392 362 2455 ardor
378 2392 577 2477 inexpertum
594 2392 639 2456 nil
656 2392 738 2456 sinet
754 2415 824 2458 esse
841 2414 940 2456 meus.

226 2474 266 2540 sit
284 2476 430 2554 dubium,
438 2477 590 2624 (possisne
608 2478 693 2562 capi:
713 2477 881 2563 captabere
899 2487 992 2541 certe.

268 2561 370 2626 exitus
387 2562 421 2625 in
461 2562 487 2626 's
505 2575 565 2627 est:
585 2563 640 2627 sed
658 2563 783 2648 capiere
800 2573 917 2627 tamen

174 2666 207 2715 45
225 2658 261 2711 ut
278 2658 400 2731 partem
417 2647 567 2732 effugias,
584 2670 648 2712 non
666 2648 772 2712 omnia
788 2648 868 2713 retia
884 2647 985 2723 falles,

162 2772 167 2777 -
267 2752 349 2815 quae
365 2731 437 2807 tibi,
454 2754 551 2816 quam
568 2734 682 2810 credis,
700 2735 793 2819 plura
810 2732 942 2798 tetendit
958 2753 1056 2797 amor.

225 2817 252 2881 si
269 2838 333 2881 nou
350 2817 514 2903 proficient
531 2829 628 2895 artes,
647 2819 809 2884 veniemus
827 2820 868 2882 ad
886 2841 982 2893 arma,

265 2901 362 2986 inque
380 2903 426 2967 tui
443 2903 557 2989 cupido
574 2928 610 2968 ra
632 2916 665 2968 ta
681 2904 782 2969 ferere
800 2904 880 2968 sinu.

224 3009 289 3052 non
306 3010 392 3065 sum,
408 2989 463 3070 qui
481 2990 599 3054 soleam
610 2927 743 3054 ¹daridis
759 2988 988 3074 reprehendere
1004 2987 1126 3051 factum

174 3092 208 3141 5ο
266 3094 326 3137 nec
343 3095 549 3158 quemquam,
568 3074 623 3158 qui
640 3074 699 3152 vir,
717 3085 824 3159 posset
840 3085 877 3138 ut
893 3095 977 3149 esse,
994 3071 1065 3137 fuit.

224 3180 281 3222 nos
299 3178 485 3241 quoque-
501 3160 558 3224 sed
575 3171 674 3224 taceo
717 3182 803 3224 mors
820 3158 914 3223 huius
931 3180 1033 3243 poena
1050 3156 1181 3242 rapinae

265 3254 301 3307 ut
318 3243 374 3320 sit,
392 3244 466 3322 erit,
482 3266 578 3328 quam
597 3256 628 3310 te
645 3267 709 3309 nou
727 3244 888 3318 habuisse,
906 3245 1017 3308 minor.

223 3338 279 3392 aut
296 3350 381 3393 esses
397 3328 536 3394 formosa
552 3330 671 3394 minus:
689 3341 830 3414 peterere
847 3329 1001 3394 modeste:

264 3414 401 3478 audaces
418 3414 499 3479 facie
517 3415 660 3500 cogimur
677 3437 745 3480 esse
762 3426 826 3479 tua.

172 3517 204 3566 55
222 3507 257 3562 tu
274 3498 352 3563 facis
369 3499 430 3563 hoc
447 3499 592 3582 oculique
609 3500 669 3575 tui,
687 3499 802 3582 quibus
819 3499 914 3584 ignea
931 3501 1047 3566 cedunt

265 3583 382 3659 sidera,
400 3584 455 3668 qui
472 3584 617 3649 flammae
635 3607 731 3648 causa
747 3584 836 3649 fuere
853 3607 957 3650 meae:

222 3667 282 3733 hoc
298 3668 419 3732 faciunt
435 3669 510 3734 flavi
527 3669 627 3733 crines
645 3681 677 3734 et
693 3670 833 3734 eburnea
850 3670 965 3747 cervix,

265 3774 425 3836 quaeque,
443 3775 564 3839 precor,
582 3754 711 3819 veniant
726 3755 759 3818 in
777 3777 848 3819 mea
865 3756 946 3820 colla
961 3779 1084 3832 manus,

222 3848 253 3903 et
271 3838 365 3902 decor
382 3849 414 3902 et
431 3839 537 3903 vultus
555 3839 622 3903 sine
639 3839 813 3905 rusticitate
830 3841 995 3925 pudentes,

171 3942 204 3992 so
264 3933 309 3999 et,
327 3922 470 3987 Thetidis
488 3924 589 4006 qualis
607 3924 661 3988 vix
677 3948 748 3990 rear
765 3947 848 4001 esse,
866 3926 972 4010 pedes.

221 4018 327 4072 cetera
342 4007 369 4071 si
386 4029 512 4092 possem
528 4009 673 4087 laudare,
690 4010 811 4074 beatior
828 4033 943 4076 essem:

262 4115 321 4157 nec
339 4092 463 4170 dubito,
481 4103 582 4159 totum
599 4094 675 4178 quin
693 4095 753 4159 sibi
770 4118 828 4179 par
845 4095 885 4159 sit
903 4116 992 4181 opus.

221 4176 280 4242 hac
298 4199 358 4262 ego
376 4178 569 4264 compulsus,
586 4202 650 4244 uon
668 4191 714 4244 est
732 4179 888 4256 mirabile,
907 4180 1018 4257 forma,

196 4296 198 4301 ·
263 4262 290 4326 si
306 4262 422 4348 pignus
439 4263 526 4328 volui
543 4264 629 4330 vocis
646 4265 762 4329 habero
779 4275 862 4328 tuae.

170 4364 203 4415 55
221 4347 372 4430 denique,
389 4349 466 4413 dum
484 4359 608 4434 captam
626 4361 661 4413 tu
678 4360 709 4414 te
727 4370 841 4448 cogare
858 4349 965 4427 fateri,

261 4431 383 4498 insidiis
400 4444 467 4498 esto
485 4446 578 4518 capta
593 4434 700 4520 puella
716 4456 804 4498 me1s.
1091 4496 1094 4501 .

218 4515 369 4585 iuvidiam
384 4519 500 4605 patiar:
517 4540 612 4605 passo
629 4541 688 4585 sua
703 4517 843 4605 praemia
860 4519 983 4587 dentur.
1008 4578 1011 4583 ,
