2604 4974
288 313 495 372 usnemun
512 314 562 369 rx.
582 314 725 372 rte-tas.
744 319 780 372 x.
799 317 892 374 1-35.
1061 302 1103 370 33

121 435 202 502 ‘hic’
222 436 301 501 (lixit
318 437 416 502 ‘vires
435 438 565 523 sanguis
584 439 699 505 amoris
717 440 834 507 habet!
882 452 889 487 t

76 523 169 586 inlita
186 523 308 587 Nesseo
325 523 399 587 misi
416 523 474 588 tibi
491 535 579 588 texta
595 546 728 590 veneno.

120 608 219 694 impia
237 609 313 691 quid
332 608 458 674 dubitas
477 609 631 675 Delanira
647 609 747 676 mori?

75 695 207 779 iamque
224 695 309 771 vale,
328 695 496 778 seniorque
512 707 602 781 pater
619 719 835 782 germanaque
854 695 975 786 Gorge,
1124 721 1171 770 165

121 791 155 845 et
171 781 274 865 patria
292 791 324 844 et
340 780 461 866 patriae
478 780 576 846 frater
594 783 741 869 adempte
759 794 842 860 tuae,

78 877 111 932 et
128 876 165 930 tu
182 867 239 930 lux
257 866 355 930 oculis
373 866 527 930 hodierna
543 869 716 932 novissima
733 870 858 946 nostris,

122 951 248 1035 virque,
266 988 309 998 —
326 951 383 1016 sed
400 973 419 1015 o
436 951 553 1037 possis!
572 989 616 1000 -
633 965 664 1018 et
681 974 761 1040 puer
778 956 891 1040 Hylle,
908 955 993 1022 vale!

571 1106 618 1171 X.

77 1207 193 1273 Mitius
209 1207 317 1273 inveni
334 1230 431 1292 quam
448 1219 480 1291 te
498 1232 600 1295 genus
619 1230 713 1275 omne
731 1211 886 1276 ferarum:
1057 1229 1174 1284 Ariadne

122 1293 243 1358 credita
259 1316 323 1358 non
340 1295 396 1359 ulli
414 1315 510 1378 quam
528 1296 587 1360 tibi
606 1297 696 1381 peius
714 1319 812 1362 eram.
1070 1299 1172 1352 Theseo.

77 1403 163 1464 quae
179 1380 276 1465 legis,
295 1403 335 1444 ex
352 1380 420 1457 illo,
439 1380 582 1459 Theseu,
600 1382 658 1446 tibi
675 1382 766 1448 litore
783 1383 884 1460 mitto,

120 1465 207 1530 unde
224 1479 313 1529 tuam
332 1466 399 1530 sine
416 1488 468 1531 me
485 1467 558 1531 vela
575 1468 676 1532 tulere
693 1479 808 1533 ratem:

76 1550 111 1615 in
130 1572 194 1635 quo
212 1574 263 1615 me
281 1573 475 1634 somnusque
492 1575 584 1617 meus
601 1554 683 1617 male
701 1555 840 1639 prodidit
858 1565 952 1632 etto,
1121 1577 1136 1625 5

120 1658 179 1722 per
196 1637 320 1702 facinus
337 1638 456 1701 somnis
473 1638 618 1703 insidiate
637 1639 725 1703 meis.

76 1733 204 1807 tempus
222 1733 304 1800 erat,
321 1724 421 1788 vitrea
439 1745 503 1807 quo
520 1725 658 1809 primum
676 1737 760 1789 terra
777 1727 891 1811 pruina

120 1809 283 1894 spargitur
300 1820 331 1872 et
348 1819 451 1874 tectae
468 1809 580 1874 fronde
599 1821 775 1893 queruntur
792 1833 888 1876 aves:-

76 1893 234 1959 incertum
251 1894 386 1978 vigilans
405 1918 445 1958 an
464 1917 574 1960 somno
592 1897 758 1982 languida,
776 1898 862 1961 movi

120 1978 247 2045 Thesea
264 2000 433 2064 prensuras
451 1981 646 2066 semisupina
663 2005 790 2046 manus:

77 2067 184 2130 nullus
202 2076 278 2131 erat.
321 2065 488 2150 referoque
505 2089 634 2144 manus,
652 2068 829 2152 iterumque
847 2079 1013 2155 retempto,

119 2173 240 2237 perque
257 2163 361 2216 torum
378 2172 493 2216 moveo
511 2153 672 2217 bracchia:
691 2155 798 2218 nullus
816 2167 893 2242 erat.

78 2259 246 2303 excussere
263 2248 367 2302 metus
383 2256 546 2314 somnum,
565 2240 734 2304 conterrita
751 2260 857 2325 surgo,

121 2322 327 2405 membraque
346 2333 421 2387 sunt
438 2322 534 2387 viduo
552 2325 759 2409 praecipitata
776 2338 855 2390 toro.

77 2409 222 2493 protinus
239 2408 384 2472 adductis
403 2419 577 2473 sonuerunt
593 2422 722 2495 pectora
738 2411 864 2496 palmis,

121 2506 221 2579 utque
239 2506 307 2559 erat
324 2517 341 2558 e
359 2516 470 2559 somno
489 2496 629 2572 turbida,
647 2507 738 2582 rapta
756 2517 848 2560 coma
864 2508 922 2562 est.

78 2581 156 2645 luna
173 2579 248 2644 fuit:
267 2590 389 2665 specte,
408 2581 514 2663 siquid
531 2582 592 2645 nisi
609 2582 700 2646 litora
719 2604 859 2646 cernam:

121 2666 207 2750 quod
225 2665 353 2730 videant
364 2667 469 2744 oculi,
488 2667 533 2730 nil
550 2667 611 2731 nisi
628 2668 702 2731 litus
720 2668 848 2732 habent

78 2774 164 2817 nunc
182 2752 245 2816 huc
262 2772 347 2816 nunc
364 2752 440 2816 illuc
457 2762 489 2817 et
506 2764 640 2836 utroque
660 2753 726 2817 sine
744 2754 854 2818 ordine
872 2775 978 2818 curro:

121 2840 185 2903 alta
202 2838 358 2923 puellares
377 2839 482 2902 tardat
499 2839 617 2903 harena
634 2838 743 2923 pedes.

80 2924 200 2989 interea
217 2934 283 2988 toto
303 2924 451 2988 clamanti
468 2924 558 2989 litore
577 2923 750 2988 ‘Theseul'

22 3056 34 3072 ,
121 3008 297 3075 reddebant
312 3031 427 3074 nomen
447 3032 586 3075 concava
604 3030 682 3075 saxa
699 3022 801 3087 tuum,

80 3105 112 3159 et
129 3095 274 3179 quotiens
293 3116 353 3180 ego
371 3106 417 3171 te,
435 3096 550 3161 totiens
568 3097 656 3160 locus
674 3097 743 3182 ipse
760 3096 911 3161 vocabat:

123 3181 190 3267 ipse
208 3182 296 3244 locus
314 3181 446 3245 miserae
465 3181 547 3246 ferre
566 3183 693 3246 volebat
711 3202 813 3267 opem.

81 3290 170 3331 mons
188 3266 262 3330 fuit:
282 3276 435 3351 apparent
452 3267 582 3331 frutices
600 3269 633 3331 in
652 3268 769 3332 vertice
786 3268 864 3344 rari3

122 3352 197 3416 hinc
215 3354 364 3436 scopulus
382 3352 486 3417 raucis
528 3354 622 3417 endet
639 3354 754 3417 adesus
772 3354 877 3438 aquis:

82 3438 218 3503 ascendo
236 3438 334 3520 (vires
352 3438 476 3502 animus
495 3375 606 3524 dbbat)
625 3449 721 3522 atque
739 3439 784 3503 ita
802 3441 864 3503 late

124 3545 262 3607 aequora
278 3533 447 3608 prospectu
465 3524 577 3587 metior
595 3526 659 3587 alta
675 3544 757 3588 meo.

83 3609 155 3673 inde
173 3630 233 3693 ego
250 3642 295 3654 —
310 3630 385 3672 nam
403 3609 504 3672 ventis
523 3631 650 3693 quoque
668 3632 738 3674 sum
757 3610 937 3675 crudelibus
957 3632 1015 3675 usa
1032 3647 1075 3658 --

124 3696 190 3758 vidi
206 3694 371 3779 praecipiti
389 3695 521 3759 carbasa
538 3707 625 3760 tenta
641 3706 696 3759 not
718 3744 726 3759 .
1124 3719 1157 3765 30

84 3793 137 3844 aut
154 3780 235 3857 vidi,
253 3789 308 3844 aut
325 3791 487 3862 tamquam
506 3803 587 3863 quae
605 3803 656 3845 me
674 3781 791 3846 vidisse
809 3791 968 3866 putarem,

125 3865 271 3952 frigidior
287 3865 389 3950 glacie
407 3866 663 3949 semianimisque
680 3866 737 3931 fui.

85 3974 141 4016 nec
158 3952 310 4035 languere
328 3951 382 4014 diu
399 3951 518 4036 patitur
535 3952 634 4016 dolor.
679 3952 798 4017 excitor
814 3952 878 4024 illo,

127 4037 248 4101 excitor
265 4048 297 4100 et
315 4059 440 4100 summa
456 4037 583 4102 Thesea
602 4059 680 4102 voce
698 4056 787 4102 voco.

87 4127 162 4207 ‘quo
180 4121 299 4206 fugis?'
317 4124 460 4188 exclamo
479 4124 647 4191 ‘scelerate
662 4134 826 4193 reuertere
837 4125 991 4200 lirense,
1141 4143 1185 4186 sn

133 4222 264 4267 M'toll.
946 4226 971 4278 (ᾗ
