2604 4974
321 278 528 339 uuuornuu
544 280 580 339 v.
598 281 742 338 rec-nc.
760 283 811 340 vs
828 278 923 342 1-u.
1095 267 1135 338 19

153 403 261 483 ‘vivit‚
279 403 335 470 an’
354 405 497 469 exclamo
516 409 581 470 ‘me
598 426 725 489 quoque
743 406 810 472 fata
826 407 976 473 vocanti’

110 492 218 557 ‘vivit'
238 492 296 568 ait,
314 490 522 574 timidumque
540 490 618 554 mihi
634 491 738 556 iurare
757 493 861 578 coegi:

153 579 209 643 vix
225 577 304 641 mihi
321 587 401 641 teste
420 577 479 641 deo
498 576 618 641 credita
635 578 701 641 vita
717 590 773 642 tua
790 591 848 643 est.
1152 599 1186 649 so

108 675 208 748 utque
227 662 351 727 animus
368 662 475 739 rediit,
493 673 550 726 tua
567 661 652 727 facta
668 664 828 747 requirere
846 665 946 750 coepi.

153 760 275 827 narrat,
294 747 463 832 aenipedes
481 748 597 812 Martis
615 771 720 814 arasse
740 749 846 826 boves,

109 835 256 920 vipereos
274 834 384 899 dentes
402 833 436 897 in
453 833 586 897 humum
603 856 661 919 pro
680 835 799 899 semine
817 836 926 912 iactos,

153 931 185 986 et
202 919 308 984 subito
325 929 417 983 natos
436 942 524 983 arma
541 919 650 984 tulisse
668 920 751 984 viros
757 945 766 998 3

111 1007 285 1091 terrigenas
303 1005 438 1090 populos
456 1004 541 1069 civili
558 1017 658 1070 marte
676 1017 855 1092 peremptos

153 1093 292 1176 inplesse
310 1089 422 1154 aetatis
441 1090 508 1154 fata
526 1090 639 1154 diurna
657 1114 742 1156 suae.

111 1177 256 1242 devictus
275 1198 413 1261 serpens.
457 1176 587 1252 iterum,
606 1177 633 1240 si
650 1177 737 1241 vivat
754 1178 861 1254 Iason,

153 1262 344 1347 quaerimus.
389 1261 546 1326 alternant
563 1283 699 1346 spesque
716 1263 872 1347 timorque
890 1264 995 1329 fidem.

110 1348 237 1433 singula
255 1348 332 1413 dum
349 1359 471 1423 narrat,
490 1347 594 1412 studio
613 1370 770 1432 cursuque
787 1350 938 1432 loquendi

153 1435 272 1520 detegit
290 1433 418 1519 ingenio
436 1434 567 1497 vulnera
585 1447 692 1497 nostra
710 1456 776 1498 suc.

108 1521 204 1598 heus,
221 1519 279 1584 ubi
296 1531 390 1605 pacta
407 1518 505 1584 fides?
522 1519 579 1582 ubi
596 1519 776 1584 conubialia
792 1520 862 1585 iura

152 1606 273 1690 faxque
292 1605 351 1670 sub
369 1626 495 1669 arsuros
513 1605 637 1690 dignior
653 1606 699 1670 ire
717 1606 832 1691 rogos?

108 1714 176 1757 non
193 1713 254 1792 ego
272 1714 343 1756 sum
361 1690 446 1754 furto
464 1690 523 1754 tibi
540 1691 676 1776 cognita.
720 1691 865 1775 pronuba
882 1691 964 1756 Iuno

153 1776 247 1842 affuit
264 1788 296 1843 et
313 1776 403 1842 sertis
421 1787 564 1861 tempora
581 1776 705 1843 vinctus
723 1778 863 1861 Hymen.

108 1875 142 1929 at
159 1863 238 1928 mihi
255 1885 314 1929 nec
331 1863 413 1927 Iuno
431 1884 490 1926 nec
507 1863 648 1946 Hymen,
667 1863 724 1927 sed
741 1863 837 1927 tristis
855 1862 972 1948 Erinys

154 1949 307 2034 praetulit
322 1948 477 2012 infaustas
496 1949 738 2034 sanguinolenta
755 1949 852 2013 faces.

109 2036 189 2120 quid
205 2035 284 2098 mihi
301 2057 374 2099 cum
391 2034 528 2118 Minyis,
546 2034 623 2117 quid
641 2056 714 2098 oum
732 2034 896 2099 Tritonide
913 2035 1010 2120 pinu?

152 2121 230 2206 quid
247 2121 306 2186 tibi
324 2143 397 2185 cum
414 2120 531 2205 patria,
549 2121 657 2184 navita
674 2120 791 2206 Tiphy,
809 2121 900 2185 mea?

107 2229 174 2272 non
192 2219 260 2272 erat
277 2206 329 2271 hic
346 2207 427 2271 aries
445 2206 521 2270 villo
539 2206 720 2292 spectabilis
739 2229 845 2283 aureo,

151 2315 211 2358 neo
229 2293 313 2358 senis
333 2293 453 2357 Aeetae
471 2292 560 2376 regia
577 2292 717 2357 Lemnos
736 2303 812 2358 erat.

107 2391 197 2445 certa
213 2379 262 2442 fui
279 2378 381 2465 primo
398 2414 442 2424 -
459 2379 515 2442 sed
532 2401 584 2443 me
601 2379 686 2443 mala
702 2378 769 2443 fata
787 2378 954 2444 trahebant
971 2417 1013 2427 —

150 2464 277 2549 hospita
293 2465 431 2529 feminea
448 2464 565 2549 pellere
583 2475 686 2529 castra
702 2488 808 2529 manu.

105 2550 367 2635 Lemniadesque
384 2550 484 2625 viros,
502 2549 636 2614 nimium
653 2571 794 2633 quoque,
814 2551 940 2616 vincere
958 2564 1083 2616 norunt.

150 2635 251 2701 milite
269 2645 334 2701 tam
352 2635 428 2700 forti
445 2636 511 2700 vita
528 2636 646 2701 tuenda
664 2635 739 2699 fuit!

104 2722 188 2788 urbe
205 2722 310 2787 virum
326 2722 392 2785 vidi
409 2732 556 2806 tectoque
574 2721 742 2804 animoque
760 2742 832 2785 rece
855 2720 876 2784 i.

150 2807 204 2873 hic
220 2807 279 2873 tibi
296 2806 410 2891 bisque
428 2818 531 2872 aestas
550 2808 660 2890 bisque
678 2807 817 2871 cucurrit
833 2743 967 2891 hiemps.

105 2893 202 2959 tertia
219 2893 331 2958 messis
349 2903 432 2968 erat,
451 2915 525 2958 cum
542 2906 578 2958 tu
597 2895 672 2958 dare
690 2893 761 2957 vela
779 2903 908 2957 coactus

149 2979 289 3065 implesti
305 2979 443 3044 lacrimis
460 2979 536 3043 talia
553 2979 651 3044 verba
668 2979 730 3043 tuis

105 3065 299 3141 ‘abstrahon
318 3065 509 3151 Hypsipyle.
545 3066 601 3130 sed
619 3066 694 3130 dent
711 3066 806 3129 modo
824 3064 891 3130 fata
907 3086 1067 3130 recursus:

151 3151 200 3215 vir
216 3163 290 3216 tuus
308 3149 382 3215 hinc
399 3151 493 3226 abeo,
512 3150 561 3214 vir
577 3151 635 3215 tibi
652 3174 776 3236 semper
794 3173 857 3216 ero.

105 3238 195 3321 quod
212 3249 319 3303 tamen
337 3258 355 3301 e
372 3236 464 3300 nobis
481 3237 615 3322 gravida
633 3238 754 3301 celatur
770 3237 803 3301 in
821 3237 903 3315 alvo,

150 3322 251 3400 vivat,
270 3333 302 3389 et
320 3322 462 3387 eiusdem
480 3322 578 3387 simus
596 3334 729 3406 uterque
747 3324 881 3408 parens!

105 3408 271 3474 hactenus.
315 3418 347 3473 et
363 3407 501 3472 lacrimis
519 3408 553 3471 in
570 3408 651 3472 falsa
668 3409 855 3474 cadentibus
873 3432 929 3474 ora

150 3506 256 3560 cetera
273 3503 304 3558 te
322 3493 452 3558 memini
468 3515 533 3558 non
550 3494 690 3578 potuisse
708 3495 804 3577 loqui.

105 3580 237 3646 ultimus
256 3603 273 3645 e
292 3578 383 3644 sociis
402 3601 524 3643 sacram
543 3580 726 3645 conscendis
744 3581 778 3644 in
794 3580 901 3666 Argo:

149 3665 204 3731 illa
220 3666 321 3743 volat,
339 3675 453 3730 ventus
472 3686 613 3729 concava
630 3667 701 3729 vela
718 3677 813 3731 tenet.

105 3752 234 3818 oaenrla
250 3751 421 3836 propulsae
439 3750 626 3815 subducitur
643 3752 729 3816 unda
748 3752 887 3818 carinae:

148 3848 233 3902 terra
250 3836 322 3908 tibi,
340 3835 432 3900 nobis
451 3837 646 3922 aspiciuntur
664 3858 774 3920 aquae.

104 3924 239 3988 inlatus
257 3943 351 3986 omne
369 3932 480 4007 patens
498 3923 593 3987 turris
612 3922 823 4007 circumspicit
840 3924 957 3989 undas:

57 4054 59 4099 i
149 4009 212 4072 huc
229 4006 324 4083 feror,
342 4018 374 4072 et
390 4007 528 4072 lacrimis
546 4029 645 4091 osque
663 4008 813 4091 sinusque
831 4010 968 4075 madent.
1153 4035 1184 4081 10

106 4115 163 4179 per
179 4093 327 4158 lacrimas
345 4103 467 4181 specto,
487 4092 684 4181 cupidaeque
702 4094 843 4159 faventia
860 4096 962 4160 menti

939 4197 978 4253 (λι
