2604 4974
301 278 554 339 amurcarum
564 281 721 340 ronnas
737 279 865 339 ata-100.
1035 265 1101 336 141.

116 405 201 489 quod
219 405 315 470 trahit
331 406 364 470 in
381 417 488 492 partes
505 407 599 472 uncia
617 419 703 472 secta
721 406 810 471 duas.
1114 429 1148 478 80
1242 434 1244 439 ·

73 501 109 555 ut
126 503 237 557 coeant
256 502 391 578 apteque
409 492 465 557 lini
482 516 540 579 per
557 515 689 579 corpora
706 493 837 578 possint,

116 577 204 642 adice
223 578 262 642 de
280 578 370 642 flavis
388 578 498 643 Attica
514 579 609 644 mella
625 578 717 643 favis.

72 663 217 747 quamvis
235 675 306 727 tura
323 663 399 729 deos
417 665 560 749 irataque
577 664 709 729 numina
726 666 861 750 placent,

114 770 178 812 non
196 760 301 814 tamen
319 751 460 815 accensis
478 751 584 815 omnia
602 750 707 815 danda
725 751 814 815 focis.

70 844 122 899 tus
140 834 196 899 ubi
213 836 376 900 miscueris
394 837 516 902 radenti
533 837 646 903 tubera
661 836 755 913 nitro,

114 921 306 1006 ponderibus
324 921 414 986 iustis
431 923 483 987 fac
500 921 543 986 sit
559 923 718 1005 utrimque
736 921 843 987 triens.

69 1017 160 1092 parte
177 1006 282 1071 minus
301 1020 414 1090 quarta
432 1008 597 1093 dereptum
616 1008 732 1072 cortice
749 1009 882 1093 gummi,

113 1104 145 1156 et
162 1092 322 1157 modicum
340 1116 358 1158 e
375 1094 512 1179 myrrhis
529 1093 702 1180 pinguibus
721 1094 803 1159 adde
820 1093 948 1159 cubum.

70 1176 150 1242 haec
167 1178 222 1242 ubi
241 1178 399 1256 contritis,
418 1202 475 1265 per
492 1180 591 1246 densa
607 1180 765 1245 foramina
783 1202 889 1245 cerne:

111 1265 216 1349 pulvis
234 1265 275 1328 ab
293 1265 398 1330 infuso
416 1266 510 1331 melle
526 1266 718 1352 premendus
737 1266 804 1332 crit..

68 1350 188 1434 profuit
205 1361 237 1416 et
254 1352 429 1417 marathros
448 1351 529 1418 bene
547 1352 705 1418 olentibus
723 1353 839 1418 addere
857 1350 1023 1437 myrrhisz'

112 1436 253 1520 quinque
271 1437 398 1502 trahant
414 1437 566 1503 marathri
584 1439 743 1523 scrupula,
761 1438 890 1523 myrrha
907 1459 1033 1503 novem.

69 1521 248 1605 arentisque
265 1545 356 1588 rosae
374 1536 528 1608 quantum
545 1547 659 1588 manus
677 1547 742 1588 una
759 1524 935 1609 prehendit,

112 1629 248 1691 cumque
266 1609 477 1674 Ammoniaco
495 1609 637 1675 mascula
654 1621 726 1675 tura
743 1612 819 1675 sale.

68 1692 188 1759 hordea
205 1716 300 1777 quem
317 1695 453 1771 faciunt,
470 1695 531 1760 illis
549 1695 682 1761 infunde
700 1718 889 1762 cremorem:

111 1792 247 1863 aequent
265 1804 420 1867 expensas
438 1803 511 1846 cum
528 1782 593 1847 sale
611 1792 683 1846 tura
699 1803 798 1846 rosas.

70 1875 209 1950 tompore
227 1866 289 1930 sint
306 1889 406 1952 parvo
423 1867 512 1931 molli
529 1867 603 1933 licet
619 1868 699 1932 illita
716 1868 815 1947 vultu,

111 1950 252 2017 haerebit
270 1963 336 2017 toto
354 1953 473 2024 multus
490 1952 523 2017 in
541 1975 595 2019 ore
613 1953 708 2018 color.

68 2035 133 2099 vidi
150 2059 233 2121 quas
250 2038 357 2123 gelida
374 2039 554 2109 madefacta
570 2062 731 2125 papavera
747 2039 879 2125 lympha

111 2133 286 2188 contereret
303 2124 420 2189 teneris
435 2125 634 2209 illineretque
651 2127 753 2211 genis.
