2604 4974
236 295 351 351 ARTIS
369 296 598 353 AMATORIAE
616 297 688 352 LIB.
708 298 760 352 III.
779 297 925 354 312-399.

109 440 205 503 quam
223 419 336 485 subeat
353 434 476 505 partem
494 421 609 487 callida
626 443 785 505 quamque
805 433 907 487 vocet.

66 515 223 588 cautaque
240 527 305 569 non
323 506 417 571 stulte
435 508 593 572 latronum
610 508 729 593 praelia
746 508 845 585 ludat,

110 614 192 655 unus
211 613 284 655 cum
301 591 428 677 gemino
447 594 585 658 calculus
603 593 693 658 hoste
712 594 803 678 perit,

66 677 261 760 bellatorque
280 699 338 741 aua
355 701 487 762 prensus
507 679 574 744 sine
592 701 738 764 compare
756 679 862 755 bellat,

110 764 252 828 aemulus
271 774 302 828 et
320 775 469 849 coeptum
487 788 580 849 saepe
598 765 731 831 recurrit
747 765 815 830 iter.

67 848 261 933 reticuloque
279 848 363 935 pilae
380 851 466 914 leves
484 850 658 915 fundantur
676 861 795 935 aperto,

110 957 183 1010 nec,
201 935 263 998 nisi
280 956 377 1017 quam
395 936 500 1012 tolles,
518 937 584 1001 ulla
601 936 758 1001 movenda
775 936 839 1021 pila
857 948 914 1002 est.

68 1035 114 1085 est
132 1042 250 1106 genus,
267 1021 300 1084 in
319 1020 449 1085 totidem
467 1023 554 1086 tenui
571 1021 692 1086 ratione
710 1021 872 1086 redactum

111 1106 247 1190 spicula,
266 1116 344 1189 quot
361 1129 485 1171 menses
502 1108 643 1172 lubricus
662 1131 763 1172 annus
781 1108 890 1173 habet:

67 1215 166 1277 parva
185 1192 301 1256 tabella
319 1192 403 1277 capit
421 1204 526 1257 ternos
543 1194 703 1277 utrimque
720 1192 854 1278 lapillos,

109 1277 143 1341 in
161 1299 225 1360 qua
242 1277 355 1342 vicisse
374 1289 422 1342 est
440 1279 640 1345 continuasse
659 1301 744 1344 suos.

67 1363 153 1427 mille
171 1363 293 1428 facesse
310 1363 410 1427 iocos!
438 1376 530 1450 turpe
549 1378 597 1430 est
613 1365 735 1430 nescire
752 1364 892 1450 puellam

111 1448 229 1513 ludere.
273 1448 411 1513 ludendo
430 1472 524 1535 saepe
541 1461 672 1535 paratur
689 1472 786 1515 amor.
804 1487 848 1498 -

69 1535 126 1600 sed
143 1535 292 1599 minimus
309 1535 400 1599 labor
418 1546 465 1600 est
483 1537 641 1621 sapienter
659 1536 794 1602 iactibus
811 1537 872 1601 uti:

112 1620 214 1685 maius
233 1642 313 1705 opus
331 1643 434 1685 mores
453 1622 668 1707 composuisse
686 1644 770 1688 suos.

69 1717 136 1770 tum
154 1729 265 1771 sumus
282 1706 401 1771 incauti
418 1707 587 1791 studioque
605 1709 765 1793 aperimur
780 1709 814 1773 in
831 1710 910 1795 ipso,

111 1792 260 1876 nudaque
278 1814 335 1878 per
351 1793 439 1857 lusus
458 1804 586 1878 pectora
603 1806 712 1858 nostra
728 1805 854 1881 patent:

68 1879 116 1942 ira
134 1878 234 1954 subit,
253 1877 393 1943 deforme
412 1880 545 1955 malum,
562 1880 707 1963 lucrique
725 1880 851 1966 cupido,

112 1963 278 2049 iurgiaque
296 1976 327 2029 et
345 1964 432 2029 rixae
452 1965 668 2048 sollicitusque
686 1966 790 2030 dolor:
914 1970 916 1972 ’

70 2051 201 2114 crimina
219 2050 376 2124 dicuntur,
393 2061 519 2115 resonat
536 2051 727 2116 clamoribus
745 2052 863 2130 aether,

112 2146 144 2200 et
160 2136 297 2199 lacrimis
316 2136 381 2200 vidi
399 2159 492 2221 saepe
510 2137 637 2203 madere
655 2161 764 2223 genas.

69 2223 157 2286 nulla
174 2221 253 2286 fides
272 2220 408 2285 tabulae.
449 2244 530 2305 quae
548 2245 611 2287 non
629 2246 687 2308 per
703 2236 777 2288 vota
794 2223 958 2308 petuntur!

112 2309 240 2372 invocat
257 2307 354 2371 iratos
372 2321 403 2371 et
421 2307 482 2371 sibi
499 2308 634 2392 quisque
652 2310 739 2373 deos.

70 2393 214 2480 luppiter
231 2416 251 2457 a
268 2394 359 2457 vobis
377 2404 443 2457 tam
461 2393 567 2478 turpia
584 2394 716 2458 crimina
733 2396 839 2479 pellat,

111 2481 145 2542 in
163 2479 279 2563 quibus
297 2489 345 2544 est
362 2479 419 2543 ulli
438 2501 514 2549 eura
531 2480 656 2565 placere
674 2481 751 2544 vir0.
769 2516 813 2526 —

69 2566 127 2629 hos
145 2565 262 2652 ignava
279 2565 365 2628 iocos
384 2565 494 2628 tribuit
511 2576 623 2629 natura
640 2567 763 2650 puellis.

112 2650 244 2716 materia
261 2650 376 2715 ludunt
394 2651 539 2715 uberiore
557 2651 627 2714 viri

71 2747 144 2802 sunt
160 2737 222 2800 illis
232 2737 422 2819 ,celeresque
440 2737 523 2821 pilae
539 2735 741 2820 iaculumque
760 2737 924 2822 trochique

114 2843 265 2905 armaque
284 2833 315 2886 et
332 2823 364 2885 in
382 2844 477 2908 gyros
495 2822 542 2886 ire
560 2835 687 2887 coactus
706 2844 817 2906 equus.

70 2931 130 2974 nec
147 2930 204 2973 vos
223 2905 365 2994 Campus
383 2908 480 2973 habet
497 2930 556 2973 nec
573 2930 630 2973 vos
647 2909 842 2994 gelidissima
859 2908 971 2995 Virgo,
1115 2931 1164 2979 385

113 3016 173 3059 nec
190 2993 316 3058 Tuscus
333 2994 458 3079 placida
476 2993 603 3059 devehit
621 2995 721 3059 amnis
739 3016 833 3079 aqua.

72 3092 104 3145 at
121 3081 195 3146 licet
213 3090 245 3144 et
261 3081 389 3165 prodest
406 3080 577 3166 Pompeias
594 3081 640 3145 ire
657 3102 715 3166 per
732 3081 872 3159 umbras,

114 3166 256 3251 Virginis
275 3166 421 3230 aetheriis
439 3187 503 3249 qua
520 3179 616 3251 caput
633 3167 722 3230 ardet
739 3167 839 3250 equis.

74 3252 166 3316 visite
183 3251 340 3337 laurigero
359 3263 482 3316 sacrata
498 3252 625 3316 Palatia
641 3252 790 3317 Phoebo:

114 3339 167 3401 ille
185 3336 409 3401 Paraetonicas
427 3337 535 3401 mersit
552 3337 584 3400 in
603 3338 668 3401 alta
684 3348 776 3403 rates.

73 3444 218 3507 quaeque
236 3444 324 3486 soror
342 3423 543 3505 coniunxque
562 3422 651 3487 ducis
669 3425 862 3489 monimenta
879 3435 1032 3510 pararunt

116 3508 286 3592 navalique
303 3530 403 3593 gener
420 3508 541 3573 cinctus
559 3507 678 3573 honore
696 3522 801 3595 caput.

75 3595 165 3659 visite
182 3595 367 3659 turicremas
384 3615 500 3658 vaccae
518 3593 747 3679 Memphitidos
765 3618 847 3673 aras,

117 3679 208 3745 visite
226 3678 404 3764 conspicuis
422 3690 513 3744 terna
530 3679 653 3745 theatra
669 3681 757 3745 locis.

76 3777 257 3851 spectentur
274 3765 380 3850 tepido
399 3765 578 3830 maculosae
597 3767 751 3852 sanguine
769 3765 916 3844 harenae,
1117 3788 1166 3837 395
1276 3764 1296 3797 ”

118 3863 265 3935 metaque
283 3850 419 3916 ferventi
437 3851 629 3916 circueunda
646 3864 724 3917 rota.

76 3938 163 4021 quod
179 3939 271 4014 latet,
289 3938 435 4023 ignotum
453 3949 510 4004 est
553 3937 654 4023 ignoti
671 3939 759 4002 nulla
775 3938 906 4023 cupido:

119 4024 241 4087 fructus
261 4023 365 4099 abest,
382 4021 480 4088 facies
499 4046 572 4089 cum
591 4024 674 4089 bona
692 4034 772 4088 teste
790 4035 882 4088 caret.

77 4121 112 4177 tu
128 4111 202 4174 licet
219 4120 251 4173 et
268 4109 464 4196 Thamyram
482 4132 613 4197 superes
630 4121 665 4178 et
682 4109 858 4176 Amoebea
873 4119 995 4172 eantur

10 4430 1296 4566 ...m-m..,..-.-„..-....11‘=
