2604 4974
322 261 490 320 AMORUM
507 262 579 316 LIB.
598 262 635 316 Π.
654 260 706 330 XI,
724 260 871 331 ‹bb-XIV,
888 256 914 316 4.
1068 242 1128 309 lll

105 385 225 452 femina
242 385 398 450 Troianos
416 385 530 451 iterum
548 407 632 450 nova
649 386 734 450 bella
749 406 877 449 movere

147 471 273 557 impulit
289 471 322 535 in
340 493 450 556 regno,
468 472 549 535 iuste
566 471 692 546 Latine,
711 482 781 535 tuo:

106 558 225 624 femina
242 557 396 622 Romanis
415 557 595 622 etiamnunc
612 557 691 620 urbe
708 554 828 620 recenti

147 642 268 707 inmisit
284 664 409 708 soceros
427 664 579 726 armaque
597 664 692 706 saeva
710 642 806 705 dedit.

105 730 170 794 vidi
188 750 249 814 ego
267 750 324 814 pro
342 728 436 793 nivea
452 739 631 828 pugnantes
649 728 785 811 coniuge
803 737 924 791 tauros:

148 814 320 901 speetatrix
338 813 459 878 animos
477 836 546 898 rpsa
563 814 698 877 iuvenca
715 813 820 876 dabat.

105 924 156 966 me
175 921 317 983 quoque,
336 899 391 982 qui
408 900 539 975 multos,
559 901 614 964 sed
632 921 683 963 me
702 899 769 962 sine
788 897 894 972 caede,
914 893 1041 979 Cupido

148 986 240 1051 iussit
257 985 387 1050 militiae
406 984 497 1071 signa
514 1007 642 1050 movere
660 1006 747 1049 suae.

571 1137 671 1204 xm.

105 1241 194 1306 Dum
212 1241 384 1306 labefactat
401 1263 481 1306 onus
499 1240 623 1327 gravidi
640 1239 807 1307 temeraria
823 1239 953 1316 ventris,

147 1328 181 1392 in
200 1328 296 1392 dubio
315 1327 398 1392 vitae
416 1328 501 1392 lassa
519 1323 660 1391 Corinna
677 1327 768 1392 iaoet.

105 1415 159 1478 illa
177 1414 306 1497 quidem
324 1414 406 1477 olam
423 1436 475 1478 me
493 1423 617 1476 tantum
633 1413 743 1476 molita
760 1411 870 1497 pericli

147 1499 195 1563 ira
212 1499 310 1585 digna
327 1521 412 1564 mea:
432 1497 489 1563 sed
506 1499 591 1563 eadit
607 1499 655 1562 ira
671 1509 769 1562 metu.

105 1584 161 1650 sed
179 1595 286 1649 tamen
304 1595 359 1649 aut
376 1606 416 1649 ex
434 1607 487 1649 me
505 1596 707 1670 eonoeperat‚
724 1594 781 1647 aut
798 1604 858 1668 ego
877 1581 987 1647 eredo:

147 1683 195 1736 est
213 1670 291 1734 mihi
308 1692 366 1756 pro
385 1670 469 1734 facto
488 1692 598 1756 saepe,
615 1668 702 1754 quod
720 1691 789 1735 esse
807 1679 921 1753 potest.

105 1757 163 1832 Isi,
182 1756 409 1821 Paraetonium
427 1756 627 1841 genialiaque
645 1777 722 1820 arva
740 1752 865 1838 Canopi

149 1864 231 1926 quae
249 1842 325 1906 eolis
343 1851 376 1906 et
393 1841 560 1927 Memphin
577 1841 840 1926 palmiferamque
857 1839 996 1916 Pharon,

106 1949 233 2013 quaque
252 1928 335 1992 celer
352 1927 446 1991 Nilus
464 1927 528 1991 lato
547 1925 696 2012 delapsus
714 1927 745 1990 in
765 1926 855 1990 alveo

147 2036 205 2098 per
223 2024 345 2098 septem
363 2023 473 2098 portus
491 2013 524 2076 in
541 2012 637 2077 maris
656 2011 721 2077 exit
738 2033 848 2094 aquas,

104 2122 161 2184 per
179 2112 235 2163 tua
252 2099 344 2163 sistra
361 2119 482 2183 precor,
500 2120 558 2183 per
575 2098 736 2166 Anubidis
753 2119 809 2160 ora
826 2094 970 2161 verendi:

148 2185 193 2249 sio
211 2198 268 2249 tua
285 2206 375 2248 saura
392 2183 464 2269 pius
481 2206 607 2269 semper
625 2180 730 2247 Osiris
748 2193 841 2259 amet,

105 2270 260 2356 pigraque
277 2269 403 2334 labatur
421 2269 506 2334 eirea
523 2268 653 2333 donaria
670 2290 823 2352 serpens„

148 2367 181 2420 et
198 2377 304 2421 eomes
321 2356 354 2418 in
371 2377 488 2441 pompa
506 2355 651 2440 oorniger
668 2354 750 2439 Apis
769 2364 834 2418 eat:

105 2441 168 2506 huo
186 2441 302 2506 adhibe
319 2441 424 2505 vultus
441 2453 473 2505 et
490 2440 523 2504 in
540 2463 605 2505 una
621 2461 716 2525 parce
735 2437 874 2503 duobus!

148 2549 222 2591 nam
241 2527 338 2590 vitam
357 2526 503 2590 dominae
520 2537 556 2589 tu
573 2525 678 2600 dabis,
696 2525 751 2588 illa
767 2523 856 2587 mihi.

106 2635 201 2698 saepe
219 2612 277 2675 tibi
295 2612 376 2676 sedit
393 2612 485 2676 certis
504 2623 634 2695 operata
651 2609 773 2684 diebus,

147 2718 213 2781 qua
229 2698 322 2782 tingit
339 2697 447 2761 laurus
467 2695 592 2761 Gallica
609 2706 713 2759 turma
730 2707 811 2758 tuas.

105 2794 204 2867 tuque
222 2783 400 2847 laborantes
418 2795 508 2846 utero
525 2781 673 2845 miserata
690 2780 822 2865 puellas,

147 2890 284 2952 quarum
302 2869 392 2932 tarda
409 2868 510 2932 latens
529 2889 661 2952 corpora
677 2867 779 2930 tendit
796 2886 886 2940 onus,

105 2955 185 3019 lenis
204 2955 280 3018 ades
297 2954 508 3040 precibusque
526 2953 605 3018 meis
622 2952 710 3028 fave,
729 2950 873 3036 Ilithyia:

149 3040 246 3125 digna
264 3051 321 3116 est,
340 3061 437 3123 quam
454 3039 565 3103 iubeas
584 3038 722 3102 muneris
741 3060 810 3102 esse
828 3036 884 3101 tui.

105 3126 173 3210 ipse
191 3148 252 3211 ego
270 3136 341 3190 tura
359 3125 441 3188 dabo
459 3124 591 3188 fumosis
610 3124 764 3188 candidus
782 3123 855 3198 aris,

147 3211 215 3296 ipse
233 3210 333 3276 feram
352 3220 425 3275 ante
443 3221 514 3274 tuos
532 3232 665 3274 munera
682 3222 756 3273 vota
773 3209 880 3294 pedes.

106 3297 241 3361 adiciam
258 3296 385 3360 titulum
404 3293 555 3361 ‘Servata
572 3295 659 3358 Naso
680 3292 845 3359 Corinna’:

148 3396 183 3446 tu
201 3383 295 3446 modo
313 3383 365 3446 fae
383 3381 474 3445 titulo
492 3381 739 3463 muneribusque
757 3381 872 3444 locum.

107 3468 133 3531 si
151 3484 257 3533 tamen
274 3468 308 3530 in
325 3479 412 3531 tanto
430 3466 480 3530 fas
498 3479 547 3530 est
564 3465 723 3530 monuisse
741 3465 867 3530 timore:

148 3554 209 3618 hae
226 3553 285 3616 tibi
303 3553 343 3616 sit
360 3575 470 3638 pugna
487 3551 666 3616 dimicuisse
685 3549 775 3615 satisl

570 3704 668 3770 XIV.

108 3809 196 3892 Quid
213 3810 300 3874 iuvat
316 3809 462 3872 inmunes
480 3808 557 3873 belli
574 3830 698 3872 cessare
716 3807 848 3892 puellas,

150 3917 209 3960 neo
227 3895 295 3960 fera
312 3896 446 3980 peltatas
465 3895 594 3978 agmina
611 3894 692 3957 velle
711 3892 811 3974 sequi,

108 3982 134 4046 si
152 3982 219 4046 sine
237 3980 343 4045 Marte
361 3980 426 4044 suis
443 3981 607 4064 patiuntur
624 3979 755 4042 vulnera
772 3977 842 4042 telis

150 4080 181 4132 et
199 4088 309 4131 caecas
328 4079 450 4129 armant
469 4065 502 4128 in
519 4088 578 4128 sua
595 4063 662 4128 fata
678 4063 811 4127 manus?
