2604 4974
235 282 350 339 Auris
368 283 597 340 Anauonmu
613 282 686 338 nra.
705 283 742 336 Π.
763 281 907 338 ase—445.
1023 267 1083 334 169

104 428 162 490 pro
179 417 255 471 nata
274 405 420 491 Chrysen
436 429 500 472 non
518 406 654 471 valuisse
673 429 744 471 sua:
855 424 858 435 ¹

63 492 220 568 audierat,
237 491 388 578 Lyrnesi,
406 504 493 570 tuos,
511 492 663 570 abducta,
682 492 817 569 dolores,

105 578 252 660 bellaque
269 600 327 663 per
343 578 444 663 turpis
460 579 586 663 longius
604 577 667 643 isse
684 598 798 642 moras.

63 663 142 728 haec
160 674 265 727 tamen
283 664 436 728 audierat.
479 663 661 729 Priame'r'da
679 663 800 727 viderat
816 663 932 747 ipsam:

106 748 207 814 victor
224 760 291 813 erat
307 750 444 834 praedae
462 750 580 834 praeda
597 749 746 834 pudenda
764 771 849 813 suae.

62 834 136 899 inde
156 834 371 918 Thyestiaden
388 835 493 898 animo
511 835 713 918 thalamoque
730 833 859 919 recepit,

106 932 137 984 et
155 921 237 984 male
254 931 438 1004 peccantem
456 919 613 1004 Tyndaris
631 920 699 984 ulta
716 919 829 983 virum.

63 1027 146 1089 quae
163 1005 244 1070 bene
262 1004 387 1080 celeris,
406 1005 515 1089 siquae
533 1016 639 1071 tamen
657 1016 727 1070 acta
744 1004 909 1090 patebunt,

106 1091 173 1165 illa,
192 1090 265 1155 licet
282 1102 425 1175 pateant,
443 1103 479 1155 tu
497 1103 603 1156 tamen
620 1112 722 1174 usque
740 1114 832 1176 nega.

63 1187 130 1240 tum
148 1197 252 1259 neque
270 1176 444 1254 subiectus,
464 1177 555 1241 solito
573 1199 633 1241 nee
649 1176 795 1240 blandior
812 1187 894 1240 esto:

105 1261 184 1327 haec
203 1261 299 1325 animi
316 1263 450 1326 multum
469 1262 560 1347 signa
577 1261 718 1326 nocentis
736 1261 867 1326 habent:

65 1347 121 1412 sed
138 1346 229 1412 lateri
246 1369 287 1412 ne
303 1369 398 1432 parce
416 1359 481 1412 tuo.
524 1370 588 1431 pax
605 1347 707 1411 omnis
725 1347 757 1409 in
775 1368 838 1410 uno
856 1358 904 1411 est

106 1432 290 1497 concubitu:
310 1433 396 1518 prior
413 1444 461 1498 est
476 1432 641 1497 infitianda
658 1433 779 1498 Venus.
796 1467 841 1478 -

64 1529 153 1595 sunt,
172 1518 227 1602 qui
243 1518 437 1603 praecipiant
454 1518 584 1594 herbas,
602 1518 754 1593 satureia,
772 1517 914 1582 nocentis

106 1626 240 1669 sumere.
283 1603 408 1669 iudiciis
425 1604 486 1669 ista
503 1627 625 1668 venena
642 1604 731 1668 meis.

63 1700 119 1753 aut
135 1689 224 1775 piper
242 1690 360 1754 urticae
377 1690 533 1754 mordacis
551 1689 670 1754 semine
687 1689 822 1754 miscent

106 1777 242 1859 tritaque
259 1775 293 1839 in
310 1797 429 1840 annoso
447 1776 530 1840 flava
547 1775 698 1860 pyrethra
714 1797 814 1840 merc.

63 1860 119 1924 sed
137 1861 197 1926 dea
213 1883 277 1926 non
294 1861 412 1946 patitur
429 1861 475 1926 sic
492 1862 533 1925 ad
552 1883 610 1926 sua
626 1860 744 1946 gaudia
763 1860 844 1945 cogi,

106 1946 185 2010 colle
203 1947 263 2011 sub
280 1947 429 2011 umbroso
446 1968 543 2030 quam
560 1957 646 2011 tenet
663 1948 745 2011 altus
764 1945 863 2030 Eryx.

64 2031 231 2108 candidus,
249 2032 398 2096 Alcathoi
416 2033 471 2116 qui
488 2032 623 2097 mittitur
639 2031 718 2097 urbe
736 2031 883 2116 Pelasga,

104 2117 221 2181 bulbus
240 2129 328 2186 etex
346 2118 436 2182 horto
455 2140 537 2201 quae
554 2117 642 2183 venit
658 2117 757 2183 herba
775 2116 874 2193 salax,

63 2223 186 2285 ovaque
204 2215 379 2280 sumantur,
397 2217 561 2269 sumantur
578 2203 746 2287 Hymettia
762 2203 866 2280 mella,

105 2309 248 2372 quasque
266 2289 338 2353 tulit
354 2289 430 2354 folio
447 2290 541 2374 pinus
559 2299 652 2354 acuta
668 2310 778 2353 nuces.

65 2374 175 2451 docta,
194 2374 271 2457 quid
288 2374 329 2439 ad
347 2375 502 2460 magicas,
519 2374 635 2452 Erato,
655 2374 826 2440 deverteris
845 2373 948 2439 artes?

105 2459 234 2525 interior
251 2481 345 2525 curru
362 2471 447 2525 meta
464 2461 595 2526 terenda
612 2481 684 2524 meo
702 2469 759 2524 est.

64 2545 120 2628 qui
137 2545 232 2609 modo
251 2545 376 2610 celabas
394 2545 514 2610 monitu
531 2557 586 2611 tua
604 2544 736 2610 crimina
752 2555 869 2622 nostro,

105 2631 195 2696 flecte
212 2630 271 2694 iter
288 2642 321 2696 et
336 2631 459 2696 monitu
477 2631 590 2717 detege
607 2631 693 2696 furta
709 2651 791 2694 meo.

63 2738 123 2782 nec
139 2716 251 2781 levitas
269 2717 427 2801 culpanda
444 2739 515 2782 mea
533 2729 590 2783 est.
633 2738 697 2781 non
715 2738 839 2801 semper
857 2714 967 2780 eodem

104 2801 267 2887 impositos
285 2814 380 2867 vento
396 2802 502 2887 panda
519 2803 626 2867 carina
643 2802 739 2867 vehit.

61 2910 136 2952 nam
153 2887 248 2952 modo
265 2887 413 2954 Thre'r‘cio
430 2888 541 2961 borea,
558 2887 653 2953 modo
672 2887 826 2953 currimus
844 2909 933 2964 euro,

105 2995 199 3057 saepe
216 2985 339 3038 tument
355 2973 494 3059 zephyro
512 2973 623 3051 lintea,
642 2995 737 3058 saepe
755 2985 840 3037 noto.

63 3059 185 3144 aspice,
223 3069 259 3122 ut
274 3058 308 3122 in
325 3080 420 3124 curru
436 3059 531 3123 modo
550 3059 605 3124 det
621 3058 777 3124 fluitantia
794 3068 897 3123 rector

103 3146 185 3219 lora,
203 3144 297 3208 modo
316 3144 469 3210 admissos
487 3156 553 3210 arte
570 3155 705 3210 retentet
722 3165 830 3228 equos.

63 3238 135 3292 suut
152 3228 268 3312 quibus
285 3229 409 3315 ingrate
426 3230 536 3295 timida
552 3230 750 3316 indulgentia
767 3229 875 3306 servit,

105 3324 153 3389 et,
172 3314 198 3378 si
215 3315 303 3378 nulla
320 3314 429 3382 subest
446 3317 585 3394 aemula,
602 3317 734 3401 languet
751 3336 849 3378 arnor.

62 3399 225 3464 luxuriant
241 3399 338 3467 animi
355 3400 450 3465 rebus
467 3402 654 3487 plerumque
671 3399 830 3478 secundis,

105 3506 166 3550 nec
182 3484 275 3550 facile
292 3497 340 3550 eet
357 3507 461 3569 aequa
478 3488 644 3553 commoda
660 3498 766 3553 mente
782 3485 859 3571 pati.

64 3580 100 3633 ut
116 3569 195 3634 levis
214 3570 389 3657 absumptis
407 3572 560 3657 paulatim
577 3573 697 3637 viribus
715 3572 797 3658 ignis

105 3655 174 3741 ipse
191 3657 267 3721 latet
284 3679 468 3721 —summo
485 3669 577 3724 canet
593 3658 626 3722 in
644 3659 718 3744 igne
736 3656 825 3733 einis,
842 3692 886 3704 -

64 3741 120 3806 sed
137 3752 244 3806 tamen
261 3743 415 3806 extinctas
433 3743 560 3809 admoto
578 3745 706 3829 sulpure
723 3742 867 3808 flammas

105 3826 240 3903 invenit,
259 3841 290 3892 et
307 3828 424 3905 lumen,
443 3829 529 3910 quod
546 3829 608 3894 fuit
625 3841 712 3904 ante,
731 3827 826 3893 redit:

65 3911 125 3989 sic,
142 3912 198 3977 uhi
215 3913 306 3998 pigra
324 3913 386 3979 situ
403 3935 578 3998 securaque
595 3927 724 4000 pectora
741 3923 877 3999 torpent,

10 4062 13 4067 .
107 3998 233 4063 acribus
251 4008 299 4063 est
316 3999 450 4067 stimulis
468 4000 639 4065 eliciendus
657 4021 755 4064 amor.

10 4096 18 4177 'e'
65 4083 117 4150 fac
133 4083 242 4149 timeat
260 4083 299 4151 de
316 4095 362 4164 te,
379 4084 582 4172 tepidamque
599 4085 752 4153 recalface
770 4095 921 4154 mentem:
