2604 4974
286 251 542 310 REMEDIOBUM
557 252 702 309 AMORIS
719 253 864 310 are-343.
1022 238 1087 304 203

110 385 141 440 03
158 397 240 461 pone
258 384 330 440 ante
347 374 456 440 oculos
473 375 579 440 omnia
596 375 712 441 damna
729 387 810 441 tuos.
1106 395 1156 446 300

66 460 160 526 ‘illud
175 472 208 526 et
224 460 304 525 illud
320 460 430 537 habet,
448 482 507 526 uec
525 484 563 526 00
580 473 728 526 00033030
744 462 855 547 rapina
872 472 933 528 est:

108 546 168 610 sub
185 546 312 611 titulum
329 558 453 611 nostros
470 546 556 611 misit
573 569 669 611 avara
686 547 777 612 lares.

66 631 111 697 sic
128 631 205 696 mihi
222 630 351 706 iuravit,
370 631 415 697 sic
431 654 482 698 me
499 632 603 696 iurata
618 631 741 709 fefellit,

111 728 184 781 ante
202 739 275 781 3003
293 716 438 800 quotiens
457 739 551 803 passa
567 718 669 784 iacere
687 716 785 783 foresl

66 802 169 888 diligit
185 803 255 889 ipsa
272 802 365 880 alios,
383 825 403 866 a
419 825 471 868 me
488 803 609 868 fastidit
626 802 734 867 amari.
1105 821 1155 874 305

107 887 239 964 institor,
257 887 334 964 heu,
352 898 476 965 noctes,
494 909 574 972 quas
590 888 668 953 mihi
685 910 750 953 non
767 889 834 966 dat,
852 886 977 954 habetl’

64 972 144 1039 haec
161 973 218 1037 tibi
235 996 293 1058 per
308 984 392 1039 totos
409 973 590 1039 inacescant
606 975 713 1041 omnia
730 996 856 1041 sensus:

107 1059 186 1124 haec
203 1058 296 1136 refer,
315 1058 389 1123 hinc
406 1059 470 1124 odii
487 1059 608 1125 semina
624 1081 742 1144 quaere
761 1060 817 1126 tui.
877 1122 881 1129 .

65 1156 160 1228 atque
177 1144 299 1210 utinam
315 1144 419 1231 possis
435 1145 531 1211 etiam
548 1144 705 1211 facundus
722 1145 755 1210 in
773 1146 833 1210 illis

107 1229 189 1296 esse!
216 1230 288 1294 dole
306 1241 442 1295 tantum:
460 1241 573 1316 sponte
590 1231 725 1296 disertus
742 1232 813 1296 eris.

64 1315 208 1381 haeserat
224 1316 258 1379 in
275 1316 413 1399 quadam
430 1338 532 1401 nuper
548 1339 619 1383 mea
636 1339 713 1382 cura
729 1317 849 1402 puellae

102 1401 297 1467 'conveniens
315 1401 420 1466 animo
437 1423 501 1466 non
519 1414 586 1467 erat
603 1403 657 1468 illa
675 1422 760 1467 meos

64 1487 199 1553 curabar
214 1487 349 1573 propriis
367 1509 463 1573 aeger
479 1487 658 1553 Podalirius
675 1488 791 1565 herbis,

106 1583 151 1649 et,
169 1571 280 1649 fateor,
298 1572 439 1638 medicus
457 1573 590 1658 turpiter
607 1595 703 1658 aeger
720 1596 815 1638 eram.

63 1657 183 1745 profuit
199 1658 330 1724 adsidue
348 1657 432 1723 vitiis
449 1657 591 1723 insistere
609 1659 739 1734 amicae,

106 1743 201 1826 idque
217 1743 295 1808 mihi
312 1742 433 1809 factum
451 1766 545 1830 saepe
563 1744 689 1810 salubre
706 1743 776 1808 fuit.

64 1835 174 1914 ‘qnam
191 1827 288 1893 mala’
307 1829 452 1895 dicebam
469 1835 608 1895 ‘nostrae
626 1840 700 1895 3003
717 1852 809 1894 crura
826 1828 980 1915 puellael'

104 1936 164 1980 nec
180 1925 301 1991 tamen,
319 1926 355 1980 ut
370 1937 445 1981 vere
462 1915 678 1993 confiteamur,
697 1927 796 1982 eraut.

62 1999 206 2066 ‘brachia
222 2020 319 2084 quam
335 2023 400 2066 non
417 2011 489 2066 sunt
505 2013 631 2068 nostrae
648 2001 787 2067 formosa
804 2000 962 2087 puellael'

104 2097 136 2150 et
152 2097 272 2163 tamen,
290 2098 327 2151 ut
343 2109 417 2153 vere
433 2087 648 2163 confiteamur,
667 2098 765 2153 erant.
1098 2107 1149 2157 rao

61 2176 173 2255 ‘quam
187 2170 292 2236 brevis
306 2170 382 2237 estl'
400 2193 459 2238 neo
472 2184 549 2238 erat
572 2178 683 2256 ‘quam
694 2173 830 2237 multum
843 2172 944 2259 poscit
957 2172 1149 2238 amanteml’

104 2248 183 2322 baec
200 2256 272 2322 odio
290 2257 376 2322 venit
392 2258 531 2324 maxima
549 2279 645 2324 causa
662 2280 743 2323 meo.

61 2352 92 2407 et
109 2342 194 2407 mala
210 2353 284 2407 sunt
301 2342 405 2409 vicina
422 2343 523 2409 bonis.
568 2366 673 2410 errore
690 2344 751 2409 sub
767 2344 822 2408 illo

103 2449 160 2513 pro
179 2427 255 2493 vitio
273 2427 373 2493 virtus
391 2428 522 2494 crimina
540 2452 635 2516 saepe
654 2430 734 2494 tulit.

61 2534 125 2598 qua
184 2524 245 2590 tes,
262 2514 296 2576 in
313 2514 403 2599 peius
421 2515 510 2581 dotes
528 2516 659 2581 deflecte
677 2514 800 2601 puellae

102 2598 135 2662 iu
159 2598 317 2682 'ciumque
334 2599 423 2664 brevi
440 2600 539 2665 limite
557 2601 631 2666 falle
648 2611 749 2664 tuum.

60 2683 201 2769 turgida,
219 2685 247 2748 si
263 2685 357 2769 plena
375 2697 436 2762 est3
455 2685 483 2750 si
499 2685 590 2750 fusca
607 2697 669 2762 est,
686 2685 778 2771 nigra
795 2695 938 2751 vocetur:

102 2770 135 2834 in
152 2769 263 2855 gracili
280 2769 398 2835 macies
415 2771 534 2836 crimen
551 2771 668 2836 habere
685 2781 799 2858 potest.

60 2866 91 2920 et
108 2855 223 2940 poterit
240 2855 302 2921 dici
319 2856 479 2940 petulans,
498 2878 581 2941 quoe
599 2856 716 2922 metica
732 2878 797 2921 non
814 2866 875 2922 est:

103 2951 135 3005 03
151 2940 266 3026 poterit
283 2940 345 3007 dici
361 2941 493 3019 rustica,
512 2943 604 3026 siqua
621 2942 720 3028 proba
737 2951 795 3006 est.
1099 2962 1149 3013 330

59 3025 137 3110 quin
154 3025 265 3103 etiam,
283 3047 483 3112 quacumque
501 3040 588 3093 caret
605 3039 660 3095 tua
677 3028 796 3093 femina
813 3027 898 3104 dote,

101 3109 184 3176 hanc
201 3124 340 3189 moveat,
358 3113 482 3178 blandis
499 3136 602 3198 usque
619 3135 748 3200 precare
766 3114 861 3178 sonis.

59 3196 111 3263 exi
134 3218 152 3261 e
170 3197 216 3261 uti
234 3209 352 3273 cantet,
370 3198 462 3283 siqua
479 3210 526 3264 est
544 3199 611 3265 sine
629 3221 707 3265 voce
724 3199 844 3285 puella:

115 3303 153 3346 ac
170 3282 275 3360 saltet,
293 3285 394 3349 nescit
410 3285 502 3368 siqua
517 3307 645 3350 movere
662 3308 802 3349 manum.

58 3366 195 3433 barbara
212 3390 356 3435 sermone
373 3370 440 3434 est?
465 3369 517 3434 fac
534 3381 640 3437 tecum
656 3370 757 3435 multa
773 3370 929 3454 loquatur.
1097 3390 1146 3439 333

101 3474 166 3518 000
183 3453 292 3518 didicit
310 3455 443 3519 chordas
461 3456 609 3540 tangere?
634 3477 730 3541 posce
747 3455 859 3540 lyram.

59 3538 170 3604 durius
187 3539 324 3605 incedit?
349 3539 402 3605 fac
419 3540 602 3607 inambulet.
646 3562 739 3605 omne
756 3540 892 3626 papillae

101 3636 212 3710 pectus
229 3624 366 3690 habent?
391 3625 503 3691 vitium
519 3626 619 3691 fascia
636 3625 724 3691 nulla
740 3636 837 3711 tegat.

58 3711 85 3776 si
102 3710 186 3776 male
203 3710 332 3776 dentata
350 3720 411 3787 est,
429 3734 537 3787 narra,
555 3711 640 3795 quod
657 3711 772 3789 rideat,
789 3711 845 3776 illi.

100 3795 248 3860 mollibus
265 3808 312 3862 033
329 3796 447 3861 oculis?
473 3797 558 3881 quod
575 3798 649 3862 fleat
664 3797 733 3873 illa,
751 3795 843 3862 refer.
1096 3816 1146 3869 340

57 3880 198 3967 proderit
215 3893 247 3946 et
264 3882 383 3959 subito,
401 3905 475 3947 oum
491 3906 525 3950 se
543 3905 608 3948 non
624 3883 750 3947 finxerit
767 3883 834 3959 ulli,

102 3966 143 4030 ad
161 3965 321 4032 dominam
340 3968 457 4034 celeres
474 3991 567 4035 mane
584 3968 693 4034 tulisse
711 3968 838 4052 gradus.

58 4051 232 4127 auferimur
248 4053 344 4118 cultu.
387 4054 522 4141 gemmis
539 4075 680 4140 auroque
698 4065 850 4141 teguntur
