2604 4974
562 299 903 357 novrmmsorus
1164 361 1182 376 μ
1240 281 1251 290 ”

248 427 326 492 haec
344 426 444 491 tibi
419 449 445 490 ει
464 426 572 490 demas
590 424 769 501 commoda,
788 425 893 488 nudus
911 425 992 488 erist,

205 516 316 578 laetat
256 511 508 597 ttriumphant
500 536 510 574 1
487 511 567 575 tde
586 532 708 574 summo
727 521 792 610 mat
793 533 827 575 er
845 492 1012 595 Olympo

155 620 187 668 40
247 599 376 700 plaudet
395 609 426 662 et
444 596 603 681 adpositas
622 607 749 682 sparget
766 595 800 660 in
818 617 873 659 ora
890 616 988 659 rosas.
1014 570 1051 637 Κ

219 685 370 750 uinnas
388 705 528 783 gemma,
547 705 673 767 gemma
690 682 832 746 variante
850 681 979 765 capillos
1066 696 1114 787 χ

205 696 335 834 tuilis
326 770 359 833 in
377 768 495 833 auratis
514 791 628 833 aureus
645 769 714 868 ipse
732 767 818 832 rotis.
1117 792 1135 837 ι

205 867 281 920 tunc
299 876 426 939 quoque
443 876 508 918 non
525 876 657 955 paucos,
677 853 704 918 si
721 863 752 917 te
721 853 852 918 tbene
869 851 1029 929 novimus,
1047 866 1165 918 uresz'·

247 952 323 1006 tunc
341 961 470 1039 quoque
485 939 678 1024 praeteriens
696 940 827 1002 vulnera
845 938 945 1001 multa
962 937 1062 1001 dabis

154 1048 187 1095 45
205 1050 269 1092 non
285 1036 432 1112 possunt,
405 1024 549 1090 tlicet
540 1046 608 1110 1pse
627 1024 719 1100 velis,
739 1046 862 1089 cessare
880 1023 948 1108 sagi
950 1033 1028 1088 ttae:
1208 1072 1226 1139 p

247 1112 416 1178 fervida
387 1111 490 1176 vicino
507 1111 636 1175 flamma
653 1133 693 1174 va
716 1132 770 1174 ore
788 1120 891 1175 nocet

206 1200 277 1264 talis
295 1209 363 1264 erat
380 1196 498 1298 domita
516 1195 663 1260 Bacchus
683 1133 821 1280 gange
800 1195 864 1260 tide
882 1206 974 1259 terra.
1223 1184 1237 1265 1

248 1297 284 1349 ιιι
301 1281 407 1369 gravis
425 1281 480 1346 alit
468 1282 567 1358 tibus,
584 1281 719 1382 tigribus
736 1281 790 1346 ille
807 1280 877 1345 fuit.
1232 1284 1244 1367 ι

206 1391 282 1456 ergo
300 1391 360 1455 ego
378 1391 451 1432 cum
450 1367 587 1468 possim
605 1367 686 1432 sacri
703 1389 776 1467 pars
795 1389 864 1432 esse
881 1364 1041 1452 triumphi,

155 1475 188 1524 5ο
248 1477 342 1558 parce
360 1465 431 1519 tuas
448 1453 482 1517 in
499 1476 550 1517 me
568 1453 713 1538 perdere,
731 1452 840 1528 victor,
858 1474 944 1538 opes
1235 1406 1250 1545 1

206 1542 312 1628 aspice
330 1539 461 1641 cognati
473 1538 578 1604 felicia
597 1536 744 1605 Caesaris
762 1561 864 1603 arma.
1242 1544 1255 1601 t

247 1649 311 1712 qua
328 1625 413 1704 vicit,
431 1625 531 1690 victos
548 1625 687 1710 protegit
674 1625 756 1690 tille
773 1647 880 1689 manu.
1242 1636 1251 1721 ι

1237 1774 1247 1803 ί

686 1848 749 1912 ΙΠ.

206 1972 275 2036 Iust
262 1980 295 2035 ta
311 1990 432 2054 precor.
476 1987 558 2051 quae
575 1990 626 2033 me
643 1989 746 2053 nuper
762 1967 914 2053 praedata
930 1968 1036 2052 puella
1053 1981 1109 2045 est,

249 2066 304 2120 aut
322 2065 420 2130 amet,
439 2070 494 2118 aut
511 2052 608 2118 faciat
625 2074 683 2117 cur
699 2075 773 2203 ego
778 2075 925 2153 semper
920 2076 1033 2119 amem.

206 2166 239 2219 a,
256 2141 389 2205 nimium
406 2137 506 2204 voluil
533 2149 656 2203 tantum
673 2149 773 2223 patrat
773 2161 812 2203 ur
829 2138 941 2203 amari:

249 2226 383 2292 audierit
399 2236 522 2289 nostras
539 2234 586 2288 tot
598 2214 764 2326 Cytherea
780 2245 900 2324 preces.

157 2331 188 2379 5
207 2313 329 2413 accipe,
346 2333 404 2397 per
420 2311 533 2410 longos
550 2309 609 2374 tibi
618 2331 681 2411 ‘qur
671 2309 856 2375 deserviat
873 2332 987 2375 annos:

249 2397 372 2483 accipe,
390 2395 446 2480 qui
462 2418 543 2482 pura
559 2395 642 2459 norit
659 2418 766 2461 amare
782 2395 855 2461 fide

206 2484 233 2550 si
250 2506 301 2553 me
319 2505 384 2547 non
401 2493 544 2547 veterum
561 2482 784 2583 commendant
800 2504 919 2568 magna
935 2492 1102 2566 parentum
1259 2500 1270 2559 4

248 2568 390 2644 nomina,
409 2568 435 2632 si
452 2567 552 2632 nostri
569 2567 732 2653 sanguinis
751 2579 862 2633 auctor
879 2588 986 2652 eques,
1260 2562 1299 2707 x

205 2677 265 2721 neo
281 2677 372 2719 meus
389 2652 562 2731 innumeris
579 2664 749 2719 renovatur
767 2675 898 2739 campus
917 2652 1037 2729 aratris,

156 2757 188 2806 10
248 2751 403 2826 temperat
419 2751 451 2805 et
468 2750 613 2840 sumptus
630 2761 746 2825 parcus
762 2749 896 2822 uterque
913 2761 1041 2824 parens:

205 2837 238 2891 at
254 2826 406 2891 Phoebus
425 2825 618 2908 comitesque
635 2847 750 2890 novem
767 2825 903 2908 vitisque
922 2836 1063 2910 repertor

247 2911 326 2977 haec
343 2911 465 2976 faciunt
481 2923 522 2984 et,
539 2934 591 2977 me
609 2933 663 2994 qur
653 2910 738 2975 tibi
756 2910 867 2987 donat,
840 2911 997 2985 tAmor,

206 2997 332 3062 etnulli
349 3019 477 3062 cessura
493 2996 630 3074 fides,
606 3018 673 3061 sme
691 2995 820 3062 crimine
838 3018 952 3072 mores,

247 3083 397 3166 nudaque
414 3082 598 3184 simplicitas
615 3104 856 3168 purpureusque
874 3082 985 3167 pudor.

156 3185 187 3235 15
204 3191 268 3234 non
285 3168 363 3233 mihi
380 3168 464 3232 mille
482 3169 623 3253 placent,
640 3190 705 3236 non
722 3190 794 3232 sum
811 3166 951 3233 desultor
968 3165 1097 3232 amoris:

246 3266 282 3318 tu
298 3252 433 3329 mihi,
408 3274 500 3336 s1qua
516 3253 610 3330 fides,
628 3275 705 3318 cura
722 3252 868 3354 perennis
887 3252 958 3317 eris.

204 3351 309 3441 tecum
326 3360 406 3422 quos
424 3338 568 3404 dederint
584 3361 683 3403 annos
701 3338 779 3403 mihi
795 3338 849 3403 fila
867 3359 1020 3415 sororum,

246 3425 353 3490 vivere
371 3423 545 3525 contingat,
563 3436 658 3509 teque
676 3424 801 3490 dolente
819 3423 908 3489 mori.

203 3521 245 3577 te
253 3509 331 3575 mihi
347 3509 509 3575 materiem
526 3492 678 3574 felicem
668 3534 702 3575 ιιι
720 3510 858 3575 earmina
875 3509 1006 3595 praebe:

154 3614 187 3664 ιο
246 3595 430 3698 provenient
447 3617 544 3660 causa
561 3595 701 3661 carmina
718 3595 816 3697 digna
833 3618 901 3660 sua.

204 3682 343 3746 carmine
359 3703 475 3746 nomen
492 3680 611 3747 habent
628 3681 777 3748 exterrita
794 3680 942 3747 comibus
960 3680 997 3747 Io

246 3778 392 3850 etquam
408 3765 558 3831 fluminea
574 3767 649 3832 lusit
667 3768 791 3833 adulter
808 3790 877 3844 ave,

204 3875 349 3936 quaeque
367 3875 462 3937 super
479 3865 612 3953 pontum
629 3852 775 3917 simulato
793 3864 885 3919 vecta
901 3853 1035 3918 iuvenco

246 3939 389 4023 virginea
405 3950 506 4003 tenmt
525 3960 644 4004 cornua
659 3961 737 4003 vara
753 3962 860 4004 manu.
1253 3946 1276 4031 q

154 4043 186 4092 25
203 4046 262 4088 nos
279 4045 405 4107 quoque
423 4047 481 4109 per
497 4037 544 4090 tot
531 4037 598 4090 tum
615 4024 698 4110 parit
699 4048 733 4089 er
685 4025 948 4126 teantabimur
965 4025 1084 4104 orbem,

245 4109 414 4195 iunctaque
432 4132 557 4213 semper
574 4121 665 4177 erunt
683 4110 812 4177 nomina
828 4122 936 4176 nostra
953 4110 1026 4176 tuis.

1294 3126 1301 3179 i

1268 4084 1298 4129 ,h

293 4640 329 4692 ιι
347 4635 400 4683 ms
415 4616 581 4677 mnemmt
606 4614 708 4664 certas
727 4612 837 4653 neuun
853 4600 929 4666 puer
949 4608 1003 4637 me
1019 4581 1164 4651 augeas:
