2604 4974
211 684 276 753 214
346 698 378 756 r.
398 700 507 759 ovmr
524 699 687 758 NASONIS
704 702 845 757 seusu.
864 702 930 757 nu.
949 701 1093 762 rsa-814„

251 848 309 912 per
325 835 498 910 sceptrum,
516 836 674 910 sceptrum
692 847 756 890 non
773 837 864 911 putat
882 850 950 891 esse
968 829 1054 892 deos.

144 930 192 981 785
211 909 243 975 di
260 910 391 988 faciant,
408 911 509 995 possis
527 910 672 976 dominae
690 913 822 976 transire
839 912 966 977 relictae

252 994 374 1072 limina,
392 995 552 1081 proposito
570 996 791 1081 sufficiantque
807 997 914 1083 pedes.

210 1091 242 1148 et
259 1081 386 1167 poteris.
430 1081 524 1145 modo
542 1082 623 1148 velle
640 1092 721 1147 tene.
764 1105 850 1149 nune
866 1083 988 1149 fortiter
1003 1083 1058 1161 ire,

251 1188 337 1232 nune
354 1187 434 1252 opus
452 1177 500 1231 est
517 1166 612 1232 aeleri
629 1168 765 1234 subdere
783 1168 887 1233 ealesr
903 1190 995 1253 equo.
1165 1170 1169 1175 ’

209 1251 263 1317 illo
280 1251 500 1339 Lotophagos,
517 1253 572 1316 illo
590 1251 719 1319 Sirenas
735 1254 769 1318 in
786 1264 876 1319 antro

145 1356 194 1407 190
254 1359 323 1403 esse
339 1348 428 1424 puta.
471 1337 566 1403 remis
584 1338 673 1404 adice
691 1339 763 1403 vela
779 1340 851 1403 tuis.

209 1421 295 1487 huna
311 1443 453 1506 quoque,
472 1444 535 1507 quo
552 1424 712 1506 quondam
729 1423 862 1488 nimium
880 1424 978 1490 rivale
996 1425 1137 1502 dolebas,

253 1508 366 1574 vellem
385 1508 543 1574 desineres
560 1509 658 1572 hostis
675 1509 792 1574 habers
809 1510 888 1574 1000.

211 1603 244 1658 at
261 1605 360 1671 certe,
377 1593 522 1677 quamvis
541 1595 612 1658 odio
630 1605 826 1672 remanente,
843 1595 956 1659 saluta

253 1681 360 1744 oseula
377 1701 450 1743 eum
467 1680 584 1764 poteris
601 1681 665 1743 iam
683 1679 773 1756 dare,
792 1702 887 1744 sanus
905 1680 975 1744 eris.
993 1716 1037 1727 -

144 1784 192 1834 795
210 1785 298 1842 ease,
316 1764 404 1829 eibos
421 1763 532 1840 etiam,
550 1765 725 1831 medicinae
742 1765 859 1851 fungar
875 1775 911 1830 ut
927 1767 1013 1828 omni

252 1872 397 1928 munere,
416 1871 496 1933 quos
514 1850 619 1951 fugias
638 1872 781 1934 quosque
799 1871 945 1934 sequare,
964 1850 1058 1915 dabo.

209 1933 373 2013 Daunius,
391 1959 432 1999 an
449 1935 581 2021 Libyeis
598 1936 715 2000 bulbus
732 1936 791 2001 tibi
807 1936 923 2001 missus
940 1936 980 1999 ab
998 1937 1071 2013 oris,

253 2043 294 2086 an
312 2022 418 2086 veniat
435 2021 592 2107 Megaris,
611 2022 725 2086 noxius
743 2021 844 2086 omnis
862 2021 931 2086 erit.

210 2129 269 2173 nee
286 2107 391 2171 minus
408 2129 519 2171 erucas
537 2120 647 2191 aptum
664 2107 763 2173 vitare
781 2108 911 2182 salaces,

143 2212 194 2263 800
254 2203 285 2258 et
301 2192 452 2276 quiequid
470 2193 588 2259 Veneri
606 2214 738 2278 corpora
754 2206 862 2258 nostra
877 2203 978 2277 parat

210 2277 318 2343 utilius
336 2300 443 2342 sumas
461 2277 602 2342 senentis
619 2277 740 2342 lumina
756 2289 853 2354 rutas,

253 2374 285 2429 et
303 2362 454 2447 quioquid
470 2363 588 2428 Veneri
606 2384 643 2428 eo
682 2385 738 2428 ora
754 2374 862 2428 nostra
878 2374 985 2448 negat.
1179 2402 1198 2429 x.

211 2448 288 2532 quid
305 2449 363 2514 tibi
380 2447 571 2534 praecipiam
589 2447 629 2513 de
677 2448 767 2513 aeehi
784 2470 929 2526 munere,
947 2448 1092 2532 quaeris?

254 2557 311 2620 spe
327 2532 455 2598 brevius
472 2533 599 2598 monitis
617 2534 784 2620 expediere
801 2534 890 2599 meis.

144 2639 193 2690 805
212 2620 285 2685 vina
302 2630 416 2705 parant
432 2620 573 2684 animum
589 2619 722 2695 Veneri,
739 2619 800 2684 nisi
817 2620 954 2705 plurima
970 2641 1088 2697 sumas,

254 2716 286 2770 et
303 2717 449 2790 stupeant
466 2706 564 2769 multo
582 2705 678 2770 eorda
695 2706 819 2791 sepulta
835 2726 932 2769 mero.

211 2791 348 2858 nutritur
365 2801 474 2868 vento,
492 2802 586 2856 vento
603 2790 810 2876 restinguitur
826 2789 923 2876 ignisr

253 2876 332 2942 lenis
350 2876 405 2940 alit
422 2876 580 2953 flammas,
597 2876 746 2962 grandior
763 2899 841 2941 aura
857 2886 959 2940 necat,

212 2974 267 3028 aut
283 2963 371 3027 nulla
389 2961 538 3040 ebrietas,
556 2973 612 3025 aut
627 2972 717 3026 tanta
733 2962 788 3040 sit,
805 2972 841 3026 ut
857 2961 915 3026 tibi
933 2983 1024 3026 auras

143 3068 194 3119 810
253 3046 378 3133 eripiat:
397 3047 489 3131 siqua
506 3058 553 3112 est
570 3047 651 3113 inter
667 3058 851 3132 utrumque,
868 3056 969 3112 nooet.
986 3081 1030 3093 —

210 3134 272 3200 hoa
289 3155 369 3220 opus
386 3132 489 3218 exegi.
532 3131 650 3209 fessae,
669 3132 742 3198 date
759 3143 856 3210 serta,
875 3131 1010 3199 earmae.

254 3218 443 3303 contigimus
451 3229 584 3367 portus,
603 3238 667 3302 quo
684 3218 762 3283 mihi
779 3240 890 3283 aursus
908 3228 985 3282 erat.

211 3303 377 3389 postmodo
394 3303 450 3370 red
472 3303 531 3369 etis
548 3324 638 3370 saero
655 3303 709 3390 pia
725 3315 800 3368 vota
816 3314 939 3388 poetae,
968 3374 971 3379 ,

253 3388 390 3455 carmine
408 3387 508 3453 sanati
524 3388 643 3454 femina
660 3388 770 3473 virque
787 3409 868 3454 meo.

1199 2426 1240 2475 “x
