2604 4974
377 278 584 339 HEROLDUM
599 282 707 338 XVIII.
719 278 855 349 *at-111.

148 426 207 471 cur
225 427 302 469 suns
320 427 340 469 a
358 415 446 469 tanto
465 402 594 472 crimine
611 405 734 469 fructus
752 405 859 471 abest?

105 491 274 557 Hesionen
292 489 462 567 Telamon,
481 490 627 556 Briseida
643 491 727 575 cepit
745 491 901 558 Achilles:

149 589 285 660 utraque
303 576 454 640 victorem
471 598 586 661 nempe
604 592 713 639 secuta
730 577 843 642 virum.

103 662 282 747 quamlibet
300 683 430 727 accuses
448 672 479 726 et
496 662 539 726 sis
557 662 638 725 irata
654 661 771 738 licebit,

147 748 230 812 irata
246 747 340 811 liceat
358 747 434 810 dum
453 747 530 811 mihi
547 768 640 832 posse
658 747 731 811 frui.

103 834 206 910 idem,
225 833 280 916 qui
297 832 446 908 facimus,
464 833 582 896 factam
599 832 800 898 tenuabimus
818 834 912 913 iram;

149 917 242 1005 copia
259 917 406 1003 placandi
424 918 463 981 sit
480 918 575 983 modo
593 941 692 1004 parva
709 919 765 983 tui.

105 1017 179 1070 ante
198 1017 269 1068 tuos
288 1003 378 1067 liceat
397 1005 524 1068 flentem
542 1004 713 1069 consistere
728 1004 845 1082 vultus,

148 1101 181 1155 et
198 1089 293 1154 liceat
310 1089 447 1157 lacrimis
466 1088 582 1154 addere
600 1090 698 1154 verba
715 1090 791 1165 suis,

104 1187 206 1261 utque
224 1176 325 1239 solent
342 1174 468 1251 famuli,
487 1197 559 1243 cum
577 1174 709 1240 verbera
727 1198 822 1241 saeva
840 1188 998 1254 verentur,

151 1261 282 1326 tendere
300 1260 484 1325 summissas
502 1261 543 1325 ad
560 1271 616 1324 tua
633 1282 726 1325 crura
744 1283 867 1326 manus.
934 1307 935 1311 ,

106 1347 237 1434 ignoras
255 1361 310 1409 tua
327 1345 405 1410 iura.
442 1367 531 1411 voca.
568 1368 624 1411 cur
641 1368 758 1430 arguor
775 1347 910 1414 absens?

148 1432 334 1496 iamdudum
354 1431 499 1499 dominae
517 1453 604 1496 more
623 1432 729 1497 venire
747 1431 835 1497 iubel

106 1519 176 1604 ipsa
193 1539 281 1581 meos
300 1517 424 1582 scindas
442 1517 515 1583 licet
532 1517 701 1602 imperiosa
718 1519 859 1603 capillos,

150 1624 269 1686 oraque
288 1603 350 1666 sint
368 1602 474 1687 digitis
491 1603 588 1676 livida
606 1616 713 1666 nostra
729 1604 807 1667 tuis:

106 1690 215 1754 omnia
233 1688 404 1774 perpetium
422 1700 545 1753 tautum
562 1689 696 1753 fortasse
714 1689 842 1767 timebo,

150 1796 282 1860 corpore
300 1774 445 1838 laedatur
462 1797 502 1845 ne
520 1797 633 1839 manus
651 1774 712 1839 ista
729 1796 811 1839 mec.

106 1861 163 1926 sed
181 1881 285 1943 neque
303 1859 508 1944 compedibus
525 1882 585 1924 nec
602 1882 654 1924 me
671 1879 825 1945 conpesce
843 1859 976 1927 catenis:

150 1945 302 2010 servabor
319 1945 409 2009 firmo
427 1946 552 2009 vinctus
570 1968 676 2010 amore
694 1947 750 2011 tui.

106 2054 181 2097 cum
201 2032 280 2101 benc
299 2053 347 2107 se,
365 2043 583 2115 quantumque
601 2031 700 2109 volet,
718 2030 879 2097 satiaverit
894 2030 952 2108 ira,

149 2117 221 2203 ipsa
239 2116 296 2180 tibi
314 2116 400 2181 dices
418 2123 528 2199 ‘quam
547 2115 703 2201 patienter
720 2116 836 2182 amatI’

106 2204 179 2289 ipsa
196 2202 254 2266 tibi
272 2201 373 2279 dices,
391 2202 447 2266 ubi
465 2202 580 2267 videris
599 2203 705 2266 omnia
723 2203 817 2280 ferre,

151 2294 233 2352 ‘tam
250 2287 330 2352 bene
349 2287 404 2370 qui
421 2288 531 2365 servit,
550 2288 667 2352 serviat
683 2289 742 2353 iste
761 2287 858 2353 mihi?

106 2395 194 2439 nunc
211 2395 285 2438 reus
301 2372 413 2437 infelix
430 2373 545 2438 absens
563 2395 650 2458 agor,
669 2386 701 2438 et
717 2397 803 2452 mea,
821 2395 895 2439 cum
912 2374 953 2438 sit

151 2458 285 2544 optima,
303 2479 367 2521 non
384 2458 449 2523 ullo
467 2480 563 2523 causa
581 2469 689 2524 tuente
706 2460 798 2545 perit.

107 2545 170 2610 hoc
187 2565 328 2628 quoque,
345 2544 432 2626 quod
449 2555 484 2608 tu
501 2544 564 2620 vis,
583 2544 623 2609 sit
640 2545 793 2629 scriptum
810 2543 925 2609 iniuria
942 2553 1099 2610 nostrumt

150 2630 238 2714 quod
255 2631 294 2694 de
312 2651 363 2693 me
381 2631 447 2699 solo
464 2652 579 2714 nempe
596 2630 753 2713 queraris,
771 2630 880 2694 habes.

107 2739 173 2781 non
189 2715 310 2785 meruit,
321 2714 389 2779 falli
407 2737 531 2780 mecum
549 2736 676 2798 quoque
693 2715 803 2782 Delia:
824 2716 934 2780 sinon

151 2802 199 2866 vis
217 2800 295 2864 mihi
312 2800 503 2885 promissum
520 2801 666 2878 reddere,
683 2801 780 2867 redde
799 2802 886 2866 deae.

108 2887 213 2952 adfuit
230 2897 261 2951 ct
278 2886 370 2963 vidit,
388 2908 461 2951 oum
480 2897 515 2950 tu
534 2887 666 2972 decepta
682 2887 830 2964 rubebas,

151 2984 184 3037 et
202 2993 313 3037 vocem
330 2972 461 3036 memori
474 2972 620 3045 ¹condidit
637 2995 713 3038 aure
730 2984 829 3036 tuam.

108 3058 267 3122 ominare
285 3057 426 3130 careantl
453 3057 531 3122 nihil
550 3070 598 3122 est
615 3058 781 3123 violentius
799 3059 864 3134 illa,

152 3167 225 3208 cum
242 3165 315 3219 sua,
333 3143 420 3226 quod
436 3143 548 3220 nolim,
566 3144 698 3209 numina
714 3145 800 3209 laesa
817 3144 913 3209 videt.

108 3229 197 3295 testis
216 3229 274 3293 erit
292 3225 465 3312 Calydonis
484 3251 568 3313 aper.
612 3253 685 3293 nam
704 3230 836 3306 scimus,
853 3229 959 3294 utillo

152 3316 193 3379 sit
209 3314 311 3399 magis
329 3313 362 3378 in
379 3325 489 3378 natum
508 3337 603 3378 saeva
619 3326 743 3400 reperta
760 3337 884 3400 parens.

110 3401 199 3468 testis
217 3410 249 3466 et
266 3401 425 3476 Actaeon,
443 3399 603 3483 quondam
621 3400 690 3464 fera
708 3401 845 3466 creditus
862 3399 934 3477 illis,

151 3488 221 3572 ipse
239 3485 326 3549 dedit
342 3487 405 3549 leto
423 3507 496 3550 cum
515 3485 629 3568 quibus
648 3498 721 3550 ante
739 3486 836 3551 feras:

109 3593 256 3657 quaeque
274 3571 411 3655 superba
428 3593 541 3656 pareus
560 3593 637 3635 saxo
655 3593 713 3656 per
730 3592 843 3656 corpus
861 3571 972 3637 oborto

151 3679 238 3723 nunc
256 3677 383 3740 quoque
401 3656 580 3741 Mygdonia
597 3657 710 3722 flebilis
728 3667 811 3721 astat
827 3656 933 3721 humo.

109 3745 139 3812 ei
157 3742 249 3808 mihil
278 3739 440 3827 Cydippe,
458 3743 553 3807 timeo
571 3742 629 3806 tibi
647 3743 750 3808 dicere
767 3765 888 3819 verum,

152 3853 194 3895 ne
212 3829 321 3893 videar
338 3849 435 3892 causa
451 3827 532 3893 falsa
550 3851 678 3894 monere
696 3851 781 3893 mea:

108 3916 281 3982 dicendum
299 3927 405 3979 tamen
422 3925 479 3979 est.
523 3913 583 3980 hoc
601 3926 663 3992 est,
681 3914 758 3978 mihi
777 3913 883 3989 crede,
901 3913 986 3997 quod
1005 3937 1101 4002 aegra

152 4002 223 4088 ipso
240 4000 380 4065 nubendi
398 4013 540 4085 tempore
557 4023 653 4086 saepe
669 4000 769 4065 iaces:
1150 4021 1199 4071 110

107 4088 246 4159 consulit
262 4086 421 4185 ipsatibi,
439 4086 561 4151 nensis
579 4087 718 4173 periura,
730 4083 868 4172 laborat,
912 4171 915 4174 Α
