2604 4974
246 247 363 308 naris
380 248 609 308 sauronam
625 250 698 307 ure.
717 250 755 307 n.
774 246 901 309 94-181.
1024 234 1087 304 163

106 376 167 442 hac
185 398 244 461 ego
263 398 333 440 sum
352 375 452 461 captis
469 387 562 441 nocte
579 386 722 442 revectus
741 375 850 460 equis.’

64 464 217 549 pluraque
235 461 402 547 pingebat,
421 462 544 527 subitus
562 483 634 526 cum
651 461 811 547 Pergama
828 462 942 526 fluctus

107 547 236 613 abstulit
255 559 286 612 et
302 547 402 613 Rhesi
419 570 492 612 cum
510 549 591 612 duce
609 559 712 612 castra
730 569 797 612 suc.

64 645 131 698 tum
150 634 210 698 dea
228 632 335 717 ‘quas'
353 633 457 716 inquit
474 633 568 698 ‘fidas
585 633 643 698 tibi
661 634 762 699 credis
779 633 872 708 ituro,

106 719 300 805 perdiderint
318 719 422 784 undae
439 719 567 783 nomina
584 731 716 803 quanta,
734 718 855 783 vides?'

65 828 142 892 ergo
160 828 234 890 age,
252 805 357 870 fallaci
375 804 483 870 timide
502 804 624 870 confide
641 806 772 890 figurae,

107 891 248 975 quisquis
257 901 402 976 es,atque
409 891 529 974 aliquid
547 913 677 977 corpore
694 891 794 976 pluris
811 889 903 954 habe.
921 925 964 936 -

64 977 194 1042 dextera
210 981 379 1077 praecipue
397 977 482 1062 capit
498 977 696 1063 indulgentia
712 987 847 1042 mentes:

106 1063 257 1149 asperitas
275 1063 384 1127 odium
402 1085 559 1148 saevaque
576 1063 661 1128 bella
677 1074 793 1127 movet.

66 1149 189 1214 odimus
208 1148 403 1234 accipitrem,
421 1148 496 1232 quia
513 1149 592 1213 vivit
609 1171 734 1234 semper
749 1149 783 1212 in
800 1147 906 1224 armis,

109 1247 140 1299 et
156 1235 306 1319 pavidum
325 1235 432 1299 solitos
449 1235 483 1298 in
504 1257 602 1320 pecus
619 1235 665 1300 ire
686 1236 787 1319 lupos.

64 1334 97 1386 at
114 1332 200 1385 caret
216 1320 337 1384 insidiis
355 1320 534 1397 hominum,
553 1321 628 1403 quia
645 1321 744 1397 mitis,
763 1318 907 1397 hirundo,

106 1427 248 1491 quasque
266 1409 349 1470 colat
366 1418 481 1483 turres,
501 1405 642 1471 Chaonis
659 1407 724 1471 ales
742 1405 847 1470 habet.

63 1504 131 1558 este
170 1493 272 1569 rocul,
290 1491 360 1557 lites
371 1491 410 1556 'et
427 1515 552 1557 amarae
569 1493 688 1577 praelia
704 1492 847 1576 linguae:

107 1515 253 1642 dulcibus
271 1589 319 1642 est
336 1577 441 1643 verbis
459 1578 562 1643 mollis
579 1577 712 1645 alendus
731 1598 829 1641 amor.

63 1665 118 1730 lite
135 1663 248 1749 fugent
265 1675 446 1749 nuptaeque
463 1664 548 1730 viros
565 1676 743 1749 nuptasque
761 1661 865 1726 mariti

106 1751 202 1833 inque
220 1750 321 1814 vicem
339 1750 469 1815 credant
485 1773 536 1815 res
554 1750 615 1814 sibi
634 1771 758 1834 semper
776 1750 838 1834 agi.

63 1836 124 1901 hoc
142 1836 232 1900 decet
249 1857 377 1913 uxores3
396 1836 454 1900 dos
472 1846 519 1901 est
536 1836 648 1900 uxoria
664 1835 749 1900 lites:

106 1921 214 1986 audiat
231 1931 354 2007 optatos
373 1945 499 2008 semper
515 1923 617 1986 amica
634 1943 738 1986 sonos.

62 2031 128 2072 non
144 2007 224 2093 legis
241 2007 330 2072 iussu
347 2008 464 2073 lectum
482 2008 613 2073 venistis
630 2008 663 2071 in
681 2028 795 2072 unum:

105 2092 251 2179 fungitur
268 2093 301 2157 in
319 2093 409 2159 vobis
426 2117 557 2160 munere
575 2094 654 2179 legis
672 2114 770 2157 amor.

63 2178 231 2244 blanditias
249 2180 359 2244 molles
377 2202 551 2264 auremque
567 2180 709 2246 iuvantia
724 2178 823 2244 verba

106 2265 205 2341 adfer,
224 2277 260 2329 ut
277 2266 415 2331 adventu
432 2267 516 2331 laeta
533 2265 573 2330 sit
590 2266 645 2330 illa
662 2277 726 2329 tuo.
744 2300 788 2311 -

62 2372 127 2414 non
145 2371 205 2436 ego
224 2351 373 2415 divitibus
391 2352 483 2416 venio
500 2362 686 2437 praeceptor
704 2349 844 2415 amandi:

105 2437 150 2500 nil
168 2459 187 2500 ο
211 2459 248 2500 us
267 2448 315 2502 est
330 2437 390 2514 illi,
408 2437 464 2520 qui
482 2437 585 2514 dabit,
603 2450 669 2501 arte
686 2459 766 2501 mea.

63 2545 171 2588 secum
188 2459 285 2587 babet
301 2522 477 2608 ingenium,
497 2523 565 2608 qui,
584 2546 656 2588 cum
673 2523 766 2598 libet,
784 2519 921 2605 ‘accipe’
941 2520 1026 2586 dicit

105 2608 261 2672 cedimus:
279 2608 414 2674 inventis
431 2609 504 2693 plus
521 2610 625 2694 placet
641 2609 694 2673 ille
711 2608 800 2672 meis.

62 2693 254 2779 pauperibus
272 2706 360 2759 vates
378 2715 438 2780 ego
457 2717 542 2771 sum,
560 2694 636 2776 quia
652 2715 773 2779 pauper
791 2692 908 2756 amavi:

106 2802 178 2845 cum
197 2780 272 2844 dare
289 2803 353 2846 non
372 2802 498 2865 possem
515 2802 660 2856 munera,
679 2779 776 2844 verba
794 2778 919 2842 dabam.

62 2887 185 2951 pauper
202 2877 286 2930 amet
303 2878 409 2943 caute,
427 2866 536 2931 timeat
552 2865 740 2930 maledicere
758 2886 889 2950 pauper,

105 2951 268 3034 multaque
286 2951 437 3016 divitibus
454 2974 518 3016 non
535 2952 685 3036 patienda
701 2952 792 3016 ferat.

62 3059 113 3101 me
132 3037 261 3102 memini
278 3037 393 3101 iratum
411 3037 556 3102 dominae
574 3037 718 3102 turbasse
737 3037 879 3121 capillos:

105 3122 184 3186 haec
201 3122 278 3185 mihi
296 3144 392 3206 quam
409 3123 524 3188 multos
542 3123 671 3188 abstulit
687 3123 734 3188 ira
752 3122 833 3187 dies!

61 3230 122 3272 nec
138 3218 216 3293 puto
234 3230 293 3273 nec
309 3208 395 3273 sensi
412 3208 552 3273 tunicam
568 3210 719 3285 laniasse3
738 3208 794 3275 sed
811 3208 882 3294 ipsa

106 3293 243 3372 dixerat,
262 3305 294 3359 et
311 3295 411 3379 pretio
430 3305 479 3359 est
496 3295 550 3359 illa
566 3296 729 3380 redempta
747 3316 828 3359 meo.

62 3391 96 3444 at
113 3401 184 3457 vcs,
202 3379 229 3444 si
247 3380 370 3465 sapitis,
388 3380 486 3444 vestri
502 3392 634 3465 peccata
650 3380 796 3466 magistri

105 3464 236 3551 effugite
254 3477 285 3530 et
302 3466 415 3551 culpae
432 3466 549 3530 damna
565 3467 672 3531 timete
690 3489 790 3531 meae.

60 3551 180 3637 praelia
197 3572 269 3615 eum
286 3550 428 3626 Parthis,
447 3574 520 3615 cum
538 3553 623 3616 culta
640 3574 703 3636 pax
720 3552 761 3616 sit
777 3551 879 3616 amica

104 3648 136 3702 et
152 3636 253 3712 iocus,
273 3647 304 3701 et
321 3658 432 3701 causas
450 3637 602 3720 quicquid
619 3638 735 3701 amoris
752 3637 857 3702 habet

61 3723 88 3787 si
105 3743 164 3786 nec
183 3722 299 3786 blanda
316 3722 391 3786 satis
408 3743 468 3787 nec
487 3723 546 3788 erit
563 3723 621 3788 tibi
639 3723 736 3788 comis
755 3723 883 3801 amanti,

103 3807 209 3893 perfer
226 3818 257 3872 et
275 3807 410 3872 obdura:
428 3810 595 3893 postmodo
613 3808 698 3874 mitis
716 3809 783 3874 erit.

61 3893 197 3958 flectitur
215 3892 367 3976 obsequio
385 3905 534 3958 curvatus
551 3894 592 3958 ab
610 3894 721 3960 arbore
739 3917 845 3959 ramus
851 3918 860 3972 3

102 3976 238 4075 frangis,
256 3976 283 4041 si
300 3977 382 4041 vires
400 3979 562 4064 experiere
580 3991 660 4045 tuas.

60 4060 212 4148 obsequm
231 4071 394 4127 tranantur
411 4085 528 4151 aquae;
546 4087 606 4130 nec
623 4066 751 4130 vincere
767 4063 877 4152 pessis

885 4163 941 4218 n!
