2604 4974
219 295 370 352 POETAE
388 295 567 352 OVIDIANI
584 294 734 351 SAPPHO
752 293 900 350 PHAONI
918 293 1010 349 1-33.
1062 279 1126 345 215

299 902 573 988 ΡΟΕΤΑΕ
620 902 946 989 OVIDIANI

389 1105 598 1173 sarano
625 1105 845 1172 rnnour.

107 1364 245 1448 Ecquid,
277 1375 313 1428 ut
338 1374 465 1449 aspecta
483 1375 530 1428 est
547 1363 706 1428 studiosae
724 1363 828 1429 littera
845 1363 985 1442 dextrae,

148 1449 291 1535 protinus
308 1462 357 1513 est
374 1449 473 1514 oculis
491 1449 618 1533 cognita
635 1461 742 1514 nostra
760 1448 842 1513 tuis?

106 1558 163 1612 an,
181 1534 241 1598 nisi
259 1535 389 1620 legisses
408 1534 544 1598 auctoris
560 1535 688 1598 nomina
707 1532 868 1619 Sapphus,

148 1621 208 1685 hoc
227 1620 322 1686 breve
339 1619 476 1684 nescires
494 1619 579 1684 unde
597 1631 743 1684 movetur
760 1620 871 1705 opust·

104 1705 237 1770 forsitan
255 1717 300 1783 et,
317 1727 416 1789 quare
433 1728 504 1770 mea
521 1706 584 1769 sint
602 1706 735 1782 alterna,
754 1705 906 1788 requiras,
1145 1727 1160 1774 o

148 1791 301 1867 carmina,
319 1813 392 1855 cum
408 1791 514 1875 lyricis
533 1791 592 1854 sim
610 1791 712 1877 magis
729 1803 805 1875 apta
822 1791 934 1855 modis.

105 1877 227 1942 flendus
245 1899 334 1942 amor
351 1899 440 1941 meus
459 1889 515 1941 est.
560 1877 681 1961 elegei'a
698 1876 802 1941 flebile
820 1898 959 1942 carmen:

147 1985 212 2028 non
229 1962 306 2027 facit
323 1963 365 2027 ad
381 1962 527 2028 lacrimas
544 1962 686 2026 barbitos
704 1962 769 2026 ulla
785 1985 883 2027 meas.

106 2071 189 2125 uror,
208 2061 244 2112 ut
260 2048 419 2112 indomitis
436 2048 544 2134 ignem
562 2047 781 2113 exercentibus
799 2048 881 2112 euris

148 2133 260 2199 fertilis
278 2133 419 2198 accensis
436 2133 591 2198 messibus
609 2133 699 2198 ardet
717 2156 802 2218 ager.

107 2242 184 2285 arva
200 2219 315 2283 Phaon
333 2219 471 2284 celebrat
489 2219 614 2283 diversa
631 2217 816 2319 Typhoidos
834 2219 974 2284 Aetnae:

148 2328 200 2370 me
218 2306 304 2369 calor
320 2305 466 2369 Aetnaeo
483 2326 547 2368 non
564 2304 668 2368 minor
684 2325 758 2389 igne
776 2314 871 2368 tenet.

104 2413 164 2455 nec
181 2390 274 2466 mihi,
292 2390 450 2475 dispositis
468 2411 550 2473 quae
567 2389 698 2474 iungam
716 2389 856 2454 carmina
872 2391 987 2466 nervis,

148 2475 351 2560 proveniunt:
370 2496 490 2539 vacuae
508 2474 649 2539 carmina
666 2475 779 2538 mentis
798 2496 888 2560 opus.

104 2584 163 2626 nec
181 2585 232 2627 me
249 2559 443 2646 Pyrrhiades
460 2559 758 2644 Methymniadesve
776 2560 910 2645 puellae,

147 2669 207 2713 nec
224 2670 276 2712 me
294 2645 490 2710 Lesbiadum
508 2658 613 2710 cetera
630 2645 725 2709 turba
741 2645 861 2710 iuvant.

105 2732 175 2797 vilis
193 2732 380 2808 Anactorie,
398 2730 470 2796 vilis
487 2730 566 2795 mihi
583 2729 718 2796 candida
736 2727 855 2815 Cydro,

148 2839 210 2881 non
229 2817 328 2882 oculis
346 2827 438 2902 grata
455 2828 503 2882 est
520 2816 645 2892 Atthis,
662 2828 698 2881 ut
715 2827 803 2893 ante,
820 2815 910 2893 meis,

105 2914 201 2986 atque
219 2903 299 2969 aliae
317 2912 458 2979 centum,
477 2925 556 2987 quas
573 2923 637 2966 non
656 2901 723 2966 sine
741 2902 871 2967 crimine
889 2901 1003 2967 amavi.

148 2989 302 3074 improbe,
320 2989 491 3053 multarum
508 2987 594 3071 quod
611 2986 681 3062 fuit,
700 3009 783 3052 unus
801 2987 913 3054 habes!

107 3075 203 3140 estin
221 3085 252 3139 te
269 3075 367 3140 facies
373 3121 383 3150 ‚
401 3086 473 3138 sunt
491 3072 556 3158 apti
573 3073 696 3137 lusibus
715 3074 804 3138 anni:

149 3182 168 3224 o
186 3160 283 3224 facies
301 3160 401 3224 oculis
419 3159 570 3224 insidiosa
587 3158 680 3223 meis!

107 3269 196 3311 sume
213 3245 308 3310 fidem
327 3257 359 3310 et
375 3244 569 3345 pharetram:
587 3245 644 3310 fies
662 3243 847 3309 manifestus
865 3244 983 3331 Apollo
989 3269 998 3322 ;
1064 3266 1065 3271 ¹

150 3330 302 3395 accedant
319 3331 414 3415 capiti
432 3352 563 3396 cornua:
582 3330 728 3393 Bacchus
747 3330 817 3394 eris.

107 3428 138 3481 et
155 3416 306 3481 Phoebus
322 3413 498 3500 Daphnen,
516 3429 548 3480 et
567 3414 711 3479 Gnosida
728 3415 875 3479 Bacchus
893 3415 1021 3492 amavit,

149 3524 209 3566 nec
226 3513 318 3565 norat
334 3501 448 3584 lyricos
465 3501 520 3564 illa
537 3501 586 3564 vel
605 3500 659 3563 illa
676 3500 797 3564 modos.

108 3598 140 3652 at
158 3587 234 3650 mihi
251 3585 426 3670 Pegasides
444 3585 649 3649 blandissima
666 3584 806 3650 carmina
823 3584 957 3649 dictant:

150 3672 213 3736 iam
232 3671 355 3736 canitur
372 3682 437 3735 toto
454 3692 569 3735 nomen
587 3671 620 3734 in
637 3671 713 3735 orbe
731 3693 852 3735 meum:

108 3780 168 3823 nec
185 3758 257 3842 plus
275 3757 429 3833 Alcaeus,
448 3778 576 3821 consors
594 3756 777 3841 patriaeque
793 3755 954 3840 lyraeque,

151 3843 254 3907 laudis
272 3842 382 3918 habet,
401 3841 546 3924 quamvis
563 3840 715 3927 grandius
732 3840 785 3905 ille
803 3852 902 3906 sonet.

110 3927 136 3994 si
154 3928 231 3993 mihi
250 3927 387 3992 difficilis
404 3926 540 3992 formam
558 3940 671 3993 natura
687 3925 826 4011 negavit,

152 4013 280 4099 ingenio
298 4014 418 4078 formae
436 4013 552 4077 damna
568 4012 707 4099 rependo
724 4035 824 4079 meae.

111 4124 182 4167 sum
200 4099 316 4165 brevis:
335 4111 368 4164 at
385 4121 515 4177 nomen,
533 4100 619 4184 quod
635 4111 738 4165 terras
751 4097 893 4184 impheat
908 4116 1042 4168 omnes,
