2604 4974
279 337 447 394 morou
463 338 537 393 um.
556 338 666 410 mn,
685 337 806 408 13-111‚
825 340 867 394 14.
1025 328 1084 394 121

65 460 171 544 daque
188 484 292 526 novae
309 471 448 527 mentem
467 461 628 527 dominae:
654 461 795 547 patiatur
813 457 926 528 amaril

106 547 218 611 annuit
236 561 268 612 et
285 559 374 610 motu
392 546 483 632 signa
501 547 641 613 secunda
659 547 760 612 deditl

63 633 149 715 quod
168 633 228 698 dea
245 632 402 719 promisit,
419 633 585 717 promittas
602 634 686 718 ipsa,
704 655 869 718 rogamus:

105 740 185 803 pace
203 720 315 802 loquar
332 718 482 795 Veneris,
501 729 536 783 tu
554 718 614 783 dea
632 719 732 783 maior
751 719 821 783 eris.

10 862 14 870 .
63 825 120 888 per
138 804 196 868 tibi
214 815 261 869 tot
277 804 347 868 iuro
366 815 462 868 testes
479 826 693 889 pompamque
712 805 853 882 deorum,

106 900 137 954 te
156 890 316 958 dominam
334 889 426 953 nobis
445 901 570 974 tempus
588 890 620 954 in
640 912 733 955 omne
751 890 827 974 peti.

63 976 120 1041 sed
138 976 278 1060 pendent
295 974 353 1038 tibi
372 997 473 1039 crura.
517 986 623 1076 potes,
642 975 669 1040 si
685 976 767 1041 forte
785 976 918 1057 iuvabit,

107 1061 255 1126 cancellis
273 1061 392 1146 primos
410 1061 580 1126 inserursse
597 1062 725 1147 pedes..

62 1147 203 1210 maxima
221 1146 284 1212 iarn
302 1168 403 1211 vacuo
420 1157 547 1231 praetor
565 1148 746 1232 spectacula
764 1147 848 1214 circo

106 1233 312 1318 quadriiugos
331 1254 433 1316 aequo
452 1254 578 1297 carcere
596 1230 681 1297 misit
698 1255 808 1317 equos.

62 1317 115 1382 cui
134 1319 276 1393 studeas,
294 1317 397 1382 video.
442 1317 561 1392 vincet,
580 1317 769 1402 cuicumque
786 1319 920 1386 favebis.

105 1403 184 1486 quid
201 1403 325 1488 cupias,
343 1403 404 1489 ipsi
422 1403 502 1468 scire
519 1404 668 1469 videntur
685 1405 769 1488 equi.

61 1511 113 1553 me
131 1489 297 1554 miseruml
324 1502 443 1554 metam
460 1490 599 1575 spatioso
618 1488 729 1554 circuit
747 1491 834 1555 orbe.

106 1574 184 1657 quid
201 1574 300 1639 facis?
317 1576 445 1641 admoto
462 1597 637 1660 proxumus
655 1598 715 1640 axe
734 1576 829 1642 subit.

62 1661 141 1743 quid
158 1660 252 1736 facis,
269 1660 402 1726 infelix?
419 1661 525 1746 perdis
543 1661 628 1725 bona
644 1672 720 1727 vota
738 1663 877 1748 puellae:

105 1746 215 1824 tende,
233 1769 356 1832 precor,
373 1746 479 1811 valida
496 1747 564 1811 lora
582 1747 708 1812 sinistra
725 1748 837 1813 manul

61 1832 201 1897 favimus
218 1832 346 1918 ignavo.
391 1832 447 1896 sed
466 1833 551 1897 enim
568 1843 734 1910 revocate,
752 1832 904 1916 Quirites,

105 1930 136 1982 et
155 1918 229 1983 date
246 1917 370 1983 iactatis
388 1917 530 2002 undique
548 1919 641 2005 signa
658 1919 751 2005 togis.

62 2025 116 2080 en,
134 2016 295 2070 revocant.
339 2014 393 2081 at,¹
404 2027 445 2069 ne
463 2005 570 2071 turbet
587 2016 663 2091 toga
680 2016 767 2070 mota
785 2007 926 2091 capillos,

104 2089 138 2153 in
155 2101 280 2154 nostros
298 2090 398 2154 abdas
416 2102 447 2155 te
464 2091 539 2156 licet
555 2112 658 2176 usque
676 2091 773 2156 sinus.

61 2173 190 2259 iamque
208 2186 318 2262 patent
334 2176 449 2241 iterum
467 2187 607 2242 reserato
624 2199 750 2243 carcere
768 2188 889 2262 postes:

105 2263 211 2328 evolat
229 2262 375 2327 admissis
393 2262 530 2327 discolor
547 2285 663 2348 agmen
681 2263 780 2346 equis.

61 2369 148 2412 nunc
165 2348 277 2413 saltem
296 2371 412 2433 supera
429 2349 595 2434 spatioque
612 2347 742 2435 insurge
759 2349 894 2434 patenti:

104 2433 167 2498 sint
185 2457 272 2511 mea,
290 2434 352 2499 sint
370 2435 517 2500 dominae
534 2435 586 2498 fac
603 2444 673 2500 rata
690 2445 766 2500 vota
783 2436 888 2501 meael

61 2531 136 2585 sunt
153 2519 300 2586 dominae
318 2531 387 2586 rata
404 2532 480 2585 vota
496 2543 598 2586 meae.
642 2543 715 2585 mea
731 2530 806 2585 vota
824 2533 1009 2606 supersunt:

103 2607 156 2671 ille
176 2617 263 2672 tenet
279 2607 433 2693 palmam:
451 2607 559 2692 palma
575 2606 713 2692 petenda
730 2628 801 2671 mea
818 2607 887 2671 est.’

61 2692 129 2757 risit
147 2703 180 2758 et
197 2692 318 2793 argutis
337 2692 489 2776 quiddam
507 2691 652 2777 promisit
669 2691 786 2756 ocellis.

102 2778 165 2844 hoc
182 2789 259 2843 satis
277 2777 338 2844 hic.
383 2779 446 2843 alio
464 2777 570 2844 cetera
586 2776 683 2844 redde
701 2778 781 2842 loco.

544 2932 607 2997 111.

60 3034 142 3101 Esse
161 3035 252 3113 deos,
269 3034 297 3113 i,
315 3035 424 3101 credel
451 3036 547 3101 fidem
565 3035 669 3100 iurata
685 3034 810 3113 fefellit,

104 3132 136 3186 et
153 3120 253 3186 facies
269 3122 315 3187 illi
333 3143 416 3206 quae
433 3121 494 3186 fuit
513 3133 602 3199 ante,
620 3132 737 3187 manet.

60 3230 158 3291 quam
174 3206 288 3293 longos
306 3207 418 3273 habuit
434 3208 576 3272 nondum
593 3207 721 3308 periura
738 3207 879 3293 capillos,

102 3305 169 3358 tam
187 3292 315 3379 longos,
333 3305 503 3380 postquam
520 3317 652 3359 numma
669 3294 776 3371 laesit,
794 3293 901 3359 habet.

60 3378 197 3444 candida
214 3379 384 3445 candorem
402 3401 494 3444 roseo
512 3379 634 3444 suffusa
650 3379 767 3445 rubore

104 3477 178 3530 ante
195 3464 271 3530 fuit:
289 3465 383 3531 niveo
400 3467 485 3531 lucet
501 3465 535 3529 in
553 3487 607 3530 ore
624 3464 732 3529 rubor.

60 3571 118 3636 pes
135 3562 204 3616 erat
221 3551 371 3638 exiguus:
390 3551 481 3637 pedis
498 3562 547 3616 est
565 3549 722 3615 artissima
739 3550 853 3615 forma.

103 3637 201 3723 longa
218 3636 399 3721 decensque
416 3636 491 3702 fuit:
509 3637 607 3737 longa
624 3636 804 3720 decensque
821 3647 938 3702 manet.
1010 3652 1012 3658 ’

60 3735 192 3808 argutos
209 3722 336 3799 habuit,
354 3722 478 3787 radiant
495 3732 532 3788 ut
549 3723 637 3787 sidus
655 3723 757 3798 ocelli,

102 3829 161 3894 per
178 3830 259 3893 quos
275 3808 408 3874 mentita
425 3820 473 3874 est
491 3808 612 3894 perfida
629 3830 725 3894 saepe
742 3806 830 3872 mihi.

60 3894 181 3959 scilicet
199 3905 327 3959 aeterno
344 3894 461 3958 falsum
478 3895 583 3960 iurare
601 3895 715 3979 puellis

102 3981 136 4044 di
153 4001 282 4064 quoque
300 3980 493 4057 concedunt,
510 3979 678 4063 formaque
696 4001 815 4044 numen
833 3979 938 4046 habet.

59 4087 181 4152 perque
199 4088 273 4132 suos
289 4065 376 4131 illam
394 4089 496 4152 nuper
512 4066 634 4131 iurasse
651 4064 799 4129 recordor

104 4173 225 4239 perque
243 4174 332 4219 meos
350 4153 474 4231 oculos,
491 4169 524 4217 et
541 4151 674 4219 doluere
691 4149 775 4220 meil
