2604 4974
138 750 201 818 216
471 754 624 822 Ponrslt
641 765 820 824 OVIDIANI

180 898 228 954 est
245 886 331 952 mihi.
374 911 555 954 mensuram
572 889 707 955 nominis
725 889 796 975 ipsa
812 890 889 954 fero·

87 996 119 1046 85
138 974 273 1040 candida
291 973 398 1039 sinon
416 998 501 1052 sum,
519 976 639 1061 placuit
657 973 800 1062 Cepheia
816 975 935 1041 Perseo

179 1059 400 1138 Andromede,
419 1061 539 1146 patriae
557 1062 648 1126 fusca
665 1063 769 1126 colore
788 1084 874 1125 suae.

137 1157 170 1211 et
186 1145 281 1210 variis
299 1145 389 1210 albae
406 1146 582 1232 iunguntur
599 1169 692 1232 saepe
710 1147 887 1225 columbae,

179 1242 212 1298 et
228 1231 319 1316 niger
337 1255 356 1295 a
372 1231 465 1295 viridi
483 1243 586 1296 turtur
603 1244 726 1297 amatur
744 1255 812 1296 ave.

136 1317 178 1396 si,
196 1317 257 1381 nisi
274 1339 357 1401 quae
374 1317 456 1383 facie
472 1317 588 1405 poterit
604 1328 635 1382 te
653 1317 750 1404 digna
767 1317 877 1395 videri,

86 1423 120 1473 40
178 1403 266 1468 nulla
283 1402 392 1467 futura
408 1413 464 1467 tna
482 1412 543 1480 est,
561 1403 649 1467 nulla
666 1403 775 1468 futura
792 1415 847 1467 tua
864 1403 927 1468 esti

136 1500 168 1553 at
186 1511 257 1554 mea
274 1510 347 1553 cum
364 1488 502 1574 legeres,
520 1488 615 1553 etiam
633 1487 772 1553 formosa
789 1489 934 1554 videbar:

178 1597 275 1638 unam
292 1574 419 1638 iurabas
436 1594 537 1657 usque
556 1574 667 1639 decere
685 1574 781 1658 loqui.

136 1659 318 1736 cantabam,
336 1658 466 1724 memini
482 1695 525 1706 -
542 1659 752 1725 meminerunt
770 1659 877 1725 omnia
894 1670 1035 1726 amantes
1052 1697 1095 1709 —

178 1746 287 1810 oscula
305 1745 444 1809 cantanti
464 1756 500 1810 tu
518 1745 595 1809 mihi
612 1757 704 1831 rapta
722 1746 830 1810 dabas.

85 1851 118 1900 45
136 1829 215 1896 haec
232 1852 360 1914 quoque
376 1830 540 1896 laudabas.
584 1831 671 1895 omni
688 1831 746 1895 tibi
763 1841 853 1916 parte
870 1831 1045 1916 placebam,

179 1917 236 1982 sed
253 1926 328 1981 tunc
345 1916 529 2002 praecipue,
547 1938 619 1981 cum
637 1917 672 1980 tit
688 1917 818 1981 Amoris
835 1939 925 2002 opus.

135 2012 212 2068 tunc
229 2013 260 2067 te
277 2003 349 2087 plus
367 2003 458 2066 solito
475 2002 605 2067 lascivia
623 2013 732 2067 nostra
749 2002 879 2067 iuvabat

179 2087 352 2171 crebraque
369 2088 526 2152 mobilitas
545 2111 564 2152 a
588 2099 684 2172 taque
701 2087 800 2153 verba
816 2087 897 2164 ioco,

137 2184 168 2239 et
185 2172 285 2322 qluod,
303 2172 359 2237 ubi
376 2173 542 2238 amborum
559 2111 662 2238 liserat
679 2173 813 2238 confusa
830 2175 986 2260 voluptas,

86 2284 118 2334 50
179 2258 333 2343 purimus
350 2258 383 2322 in
400 2259 483 2323 lasso
501 2281 631 2344 corpore
648 2258 784 2345 languor
800 2271 877 2324 erat

136 2365 220 2408 nuno
238 2343 295 2408 tibi
314 2342 468 2409 Sicelides
486 2345 616 2408 veniunt
633 2366 717 2409 nova
733 2344 852 2429 praeda
890 2346 1002 2410 uellae.

178 2429 256 2512 quid
274 2428 351 2493 mihi
369 2451 441 2492 cum
458 2428 587 2494 Lesbo?
614 2427 726 2495 Sicelis
745 2452 813 2494 esse
831 2367 913 2494 volo·

138 2537 157 2580 o
175 2537 232 2579 vos
251 2536 393 2579 erronem
411 2514 523 2578 tellure
540 2513 688 2579 remittite
706 2526 858 2591 nostrum,

178 2599 326 2664 Nisiades
342 2611 458 2664 matres
477 2600 687 2684 Nisiadesque
704 2623 813 2676 nurus,

86 2708 118 2759 ss
135 2708 195 2752 nec
213 2707 270 2750 vos
288 2685 446 2771 decipiant
463 2686 598 2750 blandae
615 2685 781 2751 mendacia
798 2686 939 2771 linguae:

178 2794 260 2856 quae
278 2771 355 2836 dicit
373 2772 477 2848 vobis,
496 2772 618 2837 dixerat
636 2783 708 2837 ante
726 2771 813 2836 mihi.

136 2869 171 2923 tu
189 2879 330 2941 quoque,
348 2879 430 2941 quae
448 2871 571 2923 montes
590 2858 744 2935 celebras,
762 2857 915 2944 Erycina,
936 2855 1079 2935 Sicanos,
1097 2892 1138 2906 -·

178 2967 252 3008 nam
270 2955 325 3008 tua
342 2966 413 3008 sum
429 2979 473 2991 -
489 2944 555 3008 vati
573 2945 716 3021 consule,
735 2944 823 3021 diva,
842 2955 925 3009 tuae.

136 3053 177 3094 an
195 3029 300 3116 gravis
318 3029 478 3116 inceptum
496 3031 619 3116 peragit
636 3028 764 3094 fortuna
780 3039 920 3095 tenorem

85 3136 119 3186 so
178 3128 210 3180 et
226 3126 333 3180 manet
350 3115 383 3180 in
401 3137 495 3181 cursu
513 3138 637 3201 semper
655 3116 769 3181 acerba
787 3115 864 3180 suo?

135 3224 192 3268 sex
208 3201 286 3265 mihi
303 3202 424 3266 natales
441 3201 555 3279 ierant,
574 3224 646 3266 cum
664 3203 746 3267 lecta
763 3200 901 3287 parentis

178 3299 250 3352 ante
269 3287 352 3351 diem
370 3288 515 3352 lacrimas
533 3309 605 3352 ossa
624 3286 730 3352 bibere
747 3310 845 3351 meas.

136 3372 212 3436 arsit
229 3372 320 3457 inops
337 3372 435 3436 frater
451 3373 624 3438 meretricis
642 3385 753 3458 captus
771 3393 888 3447 amore,

178 3457 339 3539 mixtaque
357 3480 430 3522 cum
448 3458 533 3542 turpi
551 3457 667 3521 damna
685 3458 805 3543 pudore
822 3457 903 3520 tulit.

85 3563 117 3612 65
136 3543 239 3607 factus
257 3543 348 3627 inops
367 3543 441 3626 agili
458 3543 583 3628 peragit
600 3542 681 3607 freta
699 3542 825 3606 caerula
841 3563 939 3617 remo,

177 3649 320 3711 quasque
338 3628 420 3691 male
437 3628 555 3704 amisit,
573 3649 659 3691 nunc
675 3628 757 3691 male
774 3626 898 3709 quaerit
915 3648 1001 3710 opes.

135 3737 185 3778 me
203 3733 345 3796 quoque,
363 3713 449 3794 quod
465 3712 574 3777 monui
592 3713 673 3777 bene
690 3712 790 3776 multa
806 3711 949 3787 fideliter,
967 3711 1042 3774 odit.

178 3798 239 3862 hoc
255 3797 333 3861 mihi
349 3798 493 3875 libertas,
512 3799 571 3863 hoc
588 3798 642 3883 pia
658 3798 768 3883 lingua
786 3797 882 3862 dedit.

136 3897 167 3948 et
185 3896 348 3968 tamquam
366 3883 447 3948 desit
463 3905 546 3967 quae
563 3907 614 3948 me
632 3885 692 3949 hac
710 3884 776 3948 sine
795 3904 871 3948 cura
888 3881 1010 3968 fatiget,

86 3993 118 4040 70
178 3970 356 4034 accumulat
375 3992 465 4034 curas
483 3970 548 4033 filia
564 3992 663 4054 parva
680 3992 776 4035 meas.

135 4056 247 4120 ultima
263 4067 299 4120 tu
316 4056 430 4120 nostris
448 4056 572 4120 accedis
590 4077 686 4120 causa
703 4055 859 4139 querellis.

177 4163 240 4205 non
258 4141 364 4227 agitur
380 4152 475 4206 vento
492 4152 600 4205 nostra
618 4141 726 4205 carina
742 4163 810 4206 suo.

136 4249 209 4291 ecce
226 4227 330 4292 iacent
348 4228 428 4292 collo
447 4227 548 4313 sparsi
565 4227 631 4291 sine
649 4227 720 4312 lege
738 4227 853 4312 capilli,

178 4335 237 4377 neo
253 4313 367 4398 premit
384 4313 531 4377 articulos
548 4311 654 4377 lucida
670 4335 797 4397 gemma
813 4333 911 4377 meos.

85 4421 117 4468 75
136 4410 223 4463 veste
241 4413 332 4484 tegor
349 4399 416 4474 vili,
434 4398 556 4463 nullum
574 4398 671 4463 estin
689 4397 828 4462 crinibus
846 4418 969 4474 aurum,

168 4506 235 4548 non
254 4485 405 4549 Arabum
422 4495 529 4550 noster
546 4484 629 4548 dona
646 4483 777 4584 capillus
795 4483 899 4548 habet.

115 4569 173 4632 oui
192 4571 282 4636 colar
299 4572 432 4652 infelix,
451 4584 509 4640 aut
526 4571 580 4639 cui
594 4570 751 4660 placuisse
763 4569 924 4637 laborem?
