2604 4974
212 828 255 896 28
375 828 379 834 ’
553 823 589 899 a
606 842 714 901 ovmr
733 842 894 902 rasonis

137 984 140 993 ¹
164 968 166 973 ⁴
254 963 437 1033 Tantalides
455 977 570 1032 matres
588 978 662 1052 apta
679 967 935 1053 rapinasumus?

162 1072 193 1121 65
211 1073 275 1115 non
293 1073 354 1136 ego
371 1050 513 1117 fluminei
529 1052 664 1118 referam
683 1053 847 1118 mendacia
865 1053 970 1140 cygni,

253 1159 312 1203 nec
329 1158 444 1220 querar
460 1137 492 1201 in
510 1138 627 1223 plumis
643 1138 805 1204 'delituisse
822 1139 942 1205 Iovem.

211 1243 275 1306 qua
293 1223 356 1286 duo
373 1233 536 1308 porrectus
553 1224 648 1309 longe
665 1223 747 1288 freta
765 1224 893 1290 distinet
909 1223 1061 1300 Isthmos,

254 1319 346 1372 vecta
362 1308 536 1394 peregrinis
554 1309 771 1394 Hippodamia
787 1310 874 1374 rotis.

212 1390 339 1457 Castori
356 1395 421 1457 Am
445 1394 531 1459 claeo
549 1406 581 1458 et
598 1394 774 1479 Amyclaeo
792 1394 917 1461 Polluci

160 1499 194 1547 ⁷0
253 1479 376 1544 reddita
392 1417 563 1564 Mbpsopia
579 1479 732 1544 Taenaris
750 1479 829 1544 urbe
847 1502 950 1544 soror:

211 1565 363 1629 Taenaris
381 1564 478 1629 Idaeo
496 1576 581 1628 trans
599 1585 738 1648 aequora
755 1565 796 1628 ab
814 1565 936 1650 hospite
954 1577 1045 1650 rapta

254 1648 421 1734 Argolicas
438 1671 495 1735 pro
513 1672 547 1714 se
565 1649 657 1714 vertit
674 1650 707 1714 in
725 1673 813 1714 arma
830 1673 952 1714 manus.

212 1736 265 1800 vix
284 1734 430 1818 equidem
448 1735 587 1798 memini.
630 1735 759 1801 memini
776 1746 896 1800 tamen:
915 1736 1021 1800 omnia
1038 1736 1153 1811 luctus,

254 1820 360 1884 omnia
378 1819 501 1884 solliciti
518 1821 613 1905 plena
625 1820 748 1885 timoris
767 1832 865 1886 erant.

162 1925 194 1973 75
211 1906 308 1972 flebat
325 1927 402 1970 avus
420 1905 614 1988 Phoebeque
631 1927 719 1970 soror
736 1905 912 1989 fratresque
929 1906 1066 1991 gemelli,

255 1991 365 2056 orabat
383 2013 511 2077 superos
529 1991 621 2057 Leda
639 2012 796 2074 suumque
813 1992 934 2056 Iovem.

210 2077 281 2163 ipsa
298 2098 373 2164 ego,
390 2098 455 2141 non
471 2077 583 2162 longos
601 2077 696 2142 etiam
714 2087 782 2141 tum
800 2077 898 2142 scissa
915 2076 1055 2162 capillos,

254 2162 430 2229 clamabam
448 2162 531 2227 ‘sine
547 2184 614 2238 me,
631 2185 682 2228 me
700 2161 782 2239 sine,
800 2174 910 2240 mater,
928 2162 1029 2227 abisl'

139 2276 141 2280 ³
211 2271 285 2313 nam
303 2247 441 2313 coniunx
458 2247 576 2313 aberat.
619 2271 660 2313 ne
677 2269 742 2313 non
758 2248 837 2314 Pelo
861 2257 911 2313 e'r‘a
927 2248 1046 2325 credar,

162 2353 194 2402 80
254 2355 327 2400 ecce
344 2333 552 2418 Neoptolemo
569 2333 688 2419 praeda
705 2345 816 2418 parata
870 2334 890 2397 ’.

211 2419 339 2485 Pelides
356 2418 477 2483 utinam
494 2418 625 2484 vitasset
641 2419 799 2504 Apollinis
818 2418 923 2484 arcus!

255 2506 418 2571 damnaret
434 2505 500 2568 nati
518 2503 603 2569 facta
619 2514 766 2590 proterva
783 2516 882 2590 pater.

211 2613 270 2656 neo
288 2590 448 2674 quondam
464 2589 585 2674 placuit
600 2612 660 2655 nec
676 2612 761 2655 nunc
778 2590 949 2675 placuisset
966 2589 1094 2666 Achilli,

255 2677 391 2741 abducta
409 2676 539 2739 viduum
558 2676 691 2761 coniuge
708 2677 784 2741 flere
802 2676 914 2740 virum.

162 2783 193 2831 85
212 2785 293 2847 quae
310 2785 382 2827 mea
400 2760 542 2827 caelestis
559 2761 674 2825 iniuria
690 2762 767 2826 fecit
783 2761 928 2844 iniquos?

255 2848 380 2932 quodve
398 2847 475 2913 mihi
491 2847 624 2912 miserae
643 2847 729 2911 sidus
747 2847 859 2912 obesse
876 2847 1009 2930 querar?

211 2957 310 3020 parva
327 2957 398 2998 mea
415 2933 482 2997 sine
499 2944 599 2999 matre
616 2933 678 3010 fui;
696 2948 786 3019 pater
803 2956 892 2997 arma
908 2932 1044 2999 ferebat:

254 3030 285 3084 et
302 3018 365 3084 duo
384 3040 456 3083 oum
473 3019 596 3093 vivant,
615 3018 692 3083 orba
710 3018 835 3083 duobus
853 3041 948 3084 eram.

211 3127 275 3170 non
291 3104 349 3169 tibi
366 3104 534 3169 blanditias
550 3104 674 3189 primis,
692 3127 764 3170 mea
780 3114 891 3181 mater,
909 3105 941 3168 in
959 3105 1049 3169 annis

161 3210 194 3259 ao
252 3191 371 3256 incerto
390 3191 489 3255 dictas
506 3211 560 3255 ore
577 3190 683 3275 puella
699 3191 771 3255 tuli:

211 3299 275 3342 non
292 3298 352 3362 ego
370 3275 494 3361 captavi
512 3275 661 3341 brevibus
679 3287 734 3341 tua
751 3276 832 3341 oolla
848 3275 982 3352 lacertis,

253 3384 312 3427 nec
367 3362 449 3427 emio
467 3361 534 3426 sedi
552 3361 674 3426 sarcina
690 3372 782 3447 grata
799 3372 868 3425 tuo:

211 3470 275 3512 non
293 3470 310 3512 c
344 3460 395 3511 tus
412 3446 470 3511 tibi
489 3469 565 3511 cura
581 3447 657 3511 mei:
676 3469 735 3513 neo
752 3460 846 3532 pacta
863 3447 976 3511 marito

157 3569 159 3573 <
252 3533 367 3597 intravi
383 3531 538 3596 thalamos
555 3544 654 3597 matre
694 3543 801 3596 arante
818 3553 927 3597 novos.

161 3637 193 3686 95
212 3619 306 3683 obvia
322 3617 502 3703 prodieram
519 3618 629 3682 reduci
645 3555 714 3693 tili,
730 3653 775 3664 -
791 3640 867 3681 vera
884 3618 1009 3682 fatebor
1024 3654 1067 3665 -

253 3726 312 3769 nec
329 3703 426 3767 facies
443 3702 535 3767 nobis
553 3714 629 3767 nota
645 3703 785 3788 parentis
803 3703 883 3768 eratl

212 3804 242 3855 te
260 3794 365 3854 tamen
383 3811 452 3853 esse
469 3789 630 3866 Helenen,
649 3789 734 3871 quod
752 3811 821 3853 eras
838 3787 1063 3874 pulcherrima,
1083 3789 1176 3853 sensi.

253 3877 323 3961 ipsa
340 3874 539 3958 requirebas,
558 3894 640 3956 quae
658 3886 714 3939 tua
730 3886 805 3938 nata
822 3874 913 3938 foret.

211 3985 284 4047 pars
302 3959 381 4024 haec
398 3983 463 4023 una
479 3960 570 4024 mihi:
589 3959 726 4024 coniunx
743 3959 824 4024 bene
843 3959 936 4024 cessit
954 3956 1100 4037 Orestes3

145 4067 194 4115 100
253 4046 279 4110 is
297 4066 439 4130 quoque,
457 4046 490 4108 ni
507 4067 565 4129 pro
583 4069 616 4111 se
634 4056 770 4131 pugnet,
789 4044 954 4129 ademptus
972 4045 1040 4109 erit.

211 4131 354 4217 Pyrrhus
372 4130 468 4195 habet
485 4143 610 4216 captam
626 4131 743 4196 reduce
760 4141 792 4195 et
809 4129 927 4195 victore
944 4141 1084 4215 parente.

252 4217 313 4281 hoc
330 4239 446 4280 munus
462 4217 553 4280 nobis
571 4216 675 4281 diruta
691 4215 788 4281 Troia
803 4216 885 4279 tulit.

212 4326 285 4368 cum
302 4312 408 4366 tamen
425 4303 506 4366 altus
524 4302 612 4385 equis
630 4301 727 4366 Titan
744 4300 939 4365 radiantibus
957 4301 1062 4377 instat,

252 4387 398 4474 perfruor
414 4387 525 4452 infelix
542 4386 686 4452 liberiore
704 4387 801 4450 malo:

144 4495 192 4545 105
209 4495 273 4539 nox
290 4472 346 4537 ubi
363 4495 414 4538 me
432 4472 578 4537 thalamis
595 4472 770 4537 ululantem
788 4480 818 4536 et
836 4470 950 4536 acerba
966 4484 1145 4556 gementem

254 4558 407 4634 condidit,
424 4558 457 4622 in
475 4567 594 4622 maesto
611 4556 830 4643 procubuique
846 4568 926 4634 toro,

189 4664 260 4731 pro
274 4664 392 4713 somno
408 4643 550 4714 lucrinis
568 4642 653 4713 oculi
668 4640 845 4732 angatur
862 4641 990 4720 obortis,
