2604 4974
349 308 557 366 HEROIDUM
574 309 623 366 VI.
643 309 787 365 160-164.
807 311 871 366 VH.
890 310 983 366 1-81.
1114 293 1158 360 23

175 453 239 515 quo
258 442 364 496 tamen
382 432 522 496 adversis
540 432 688 497 fluctibus
705 433 750 497 ire
768 456 871 518 paras.

133 540 196 602 quo
214 518 320 603 fugis?
347 518 451 582 obstat
470 517 606 603 hiemps!
641 518 755 583 hiemis
773 519 851 582 mihi
868 521 971 604 gratia
988 518 1096 604 prosit.

176 603 296 689 aspice,
314 615 350 667 ut
367 626 493 668 eversas
512 604 648 668 concitet
665 627 760 669 eurus
778 626 887 687 aquas.
1177 624 1211 672 40

132 690 219 774 quod
236 688 295 753 tibi
312 690 501 767 malueram,
520 689 655 754 sinemo
674 690 788 755 debere
806 690 965 775 procellis:

176 775 288 839 iustior
305 785 353 839 est
371 775 482 839 animo·
494 788 607 839 ventus
626 787 659 839 et
675 775 762 840 unda
780 787 845 840 tuo.

132 883 197 925 non
215 882 276 946 ego
293 883 365 925 sum
382 860 463 924 tanti
480 859 573 944 (quid
590 860 675 925 enim
693 861 846 938 verearis,
864 860 1014 945 iniquei)‚

175 958 211 1011 ut
228 969 356 1031 pereas,
375 947 451 1011 dum
469 969 521 1012 me
539 969 596 1031 per
612 946 694 1010 freta
710 948 807 1032 longa
824 946 920 1031 fugis.

133 1055 261 1099 exerces
280 1032 419 1116 pretiosa
436 1032 509 1096 odia
527 1044 558 1097 et
577 1032 752 1096 constantia
769 1055 896 1117 magno,

177 1119 217 1196 si,
237 1118 313 1181 dum
331 1140 383 1182 me
401 1139 523 1195 careas,
543 1130 590 1183 est
608 1118 666 1181 tibi
683 1118 746 1182 vile
763 1117 853 1182 mori.

133 1206 197 1269 iam
215 1204 303 1269 venti
320 1215 455 1289 ponent,
474 1215 634 1286 strataque
654 1204 827 1286 aequaliter
844 1205 931 1268 unda

177 1289 330 1355 caeruleis
348 1289 461 1353 Triton
478 1311 536 1375 per
553 1312 640 1354 mare
659 1301 763 1354 curret
781 1289 881 1372 equis.

133 1387 169 1441 tu
186 1396 313 1461 quoque
332 1397 405 1438 cum
423 1374 525 1440 ventis
544 1375 666 1439 utinam
683 1374 845 1440 mutabilis
863 1374 963 1441 esses!

177 1475 207 1527 et
225 1461 286 1525 nisi
304 1460 420 1525 duritia
436 1460 552 1525 robora
569 1460 684 1537 vincis,
703 1460 774 1525 eris.
1178 1482 1212 1530 50
1287 1512 1290 1517 .

133 1548 212 1632 quid
230 1549 259 1612 si
275 1547 428 1623 nescires,
446 1547 559 1611 insane
576 1546 653 1630 quid
671 1568 810 1631 aequora
827 1548 978 1632 possunt?

177 1644 326 1719 expertae
344 1632 459 1696 totiens
477 1654 574 1716 quam
591 1633 674 1696 male
693 1633 794 1697 credis
813 1632 929 1716 aquae!

132 1730 170 1796 ut
187 1720 302 1804 pelago
320 1718 473 1784 suadente
491 1718 586 1782 etiam
604 1718 779 1783 retinacula
796 1720 912 1797 solvas,

176 1806 277 1869 multa
295 1815 401 1868 tamen
417 1804 502 1869 latus
520 1804 621 1868 tristia
638 1815 753 1890 pontus
772 1803 878 1870 habet.

131 1915 193 1957 nec
211 1891 346 1955 violasse
362 1890 458 1954 fidem
477 1891 705 1976 temptantibus
723 1912 862 1974 aequora
879 1891 1023 1977 prodest:
1178 1910 1211 1961 55

176 1975 328 2063 perfidiae
344 1997 463 2060 poenas
482 1976 582 2060 exigit
599 1976 652 2041 ille
669 1977 769 2054 locus,

132 2062 304 2150 praecipue
322 2083 396 2125 oum
412 2062 518 2125 laesus
537 2083 635 2126 amor.
679 2063 755 2146 quia
772 2073 874 2128 mater
891 2063 1049 2129 Amorum

176 2148 264 2212 nuda
283 2145 480 2232 Cytheriacis
499 2147 583 2212 edita
600 2147 701 2212 fertur
718 2149 819 2232 aquis.

133 2234 258 2321 perdita
275 2256 316 2298 ne
333 2234 480 2317 perdam,
498 2233 609 2310 timeo,
626 2255 800 2300 noceamve
817 2236 953 2313 nocenti,

176 2343 240 2385 neu
260 2319 348 2384 bibat
365 2340 539 2401 aequoreas
556 2321 731 2405 naufragus
749 2320 864 2406 hospes
883 2342 992 2404 aquas.
1179 2338 1212 2389 60

134 2407 220 2483 vive,
238 2427 361 2492 precor.
407 2406 452 2469 sic
469 2416 501 2470 te
518 2406 632 2470 melius
651 2428 747 2490 quam
764 2406 877 2472 funere
894 2408 1036 2493 perdam.

176 2506 211 2557 tu
228 2491 335 2578 potius
351 2492 407 2556 leti
424 2514 521 2556 causa
538 2491 639 2557 ferere
657 2492 730 2556 mei.

87 2644 92 2667 ι
136 2579 234 2664 finge,
254 2600 329 2662 age,
348 2590 379 2642 te
397 2577 508 2663 rapido
526 2615 570 2624 —
586 2578 710 2642 nullum
728 2578 768 2643 sit
785 2578 819 2642 in
837 2577 941 2643 omine
958 2576 1098 2663 pondusi
1122 2615 1165 2625 -

177 2663 304 2730 turbine
323 2664 489 2748 deprendi:
508 2663 585 2746 quid
602 2664 661 2728 tibi
678 2664 792 2729 mentis
811 2663 888 2730 erit?

137 2751 279 2836 protinus
298 2761 464 2814 occurrent
481 2749 580 2815 falsae
598 2750 737 2836 periuria
753 2750 882 2835 linguae
1180 2768 1212 2816 65
1229 2809 1231 2812 ,

101 2850 104 2929 ἰ
177 2848 209 2902 et
226 2834 371 2920 Phrygia
388 2834 475 2900 Dido
493 2835 606 2902 fraude
624 2847 734 2901 coacta
751 2837 847 2913 mori,

100 2936 105 3051 ἰ
138 2923 280 3008 coniugis
299 2933 371 2985 aute
390 2922 497 2985 oculos
516 2921 666 3008 deceptae
685 2922 782 2986 stabit
798 2922 905 3008 imago

101 3056 105 3071 .
177 3008 276 3074 tristis
294 3019 326 3072 et
344 3006 453 3072 effusis
472 3008 714 3093 sanguinolenta
733 3008 841 3072 comis.

101 3086 109 3125 ¹
139 3095 229 3179 ‘quid
247 3093 326 3158 tanti
344 3104 405 3170 est,
425 3103 527 3158 totum
544 3093 661 3171 merui3
680 3093 857 3159 concedite’
876 3093 976 3169 dicas,

102 3184 107 3249 Ξ
179 3202 325 3264 quaeque
344 3181 472 3255 cadent,
490 3180 524 3244 in
541 3191 573 3245 te
591 3181 726 3245 fulmina
742 3181 838 3245 missa
855 3180 966 3266 putes?
1183 3200 1215 3248 70

102 3252 108 3353 ἱ
140 3266 179 3332 da
196 3268 292 3331 breve
311 3266 461 3330 saevitiae
479 3266 617 3351 spatium
634 3266 803 3351 pelagique
821 3277 972 3348 tuaequcz

103 3380 109 3429 r
179 3353 300 3439 grande
318 3374 425 3416 morae
443 3352 581 3437 pretium
599 3364 668 3416 tuta
684 3352 793 3416 futura
810 3352 862 3415 via
880 3361 937 3416 est.

104 3442 112 3503 i
140 3461 196 3505 nec
214 3438 293 3502 mihi
310 3449 345 3502 tu
363 3460 468 3502 curae.
512 3460 611 3522 puero
629 3449 779 3522 parcatur
795 3437 882 3501 Iulo:

111 3556 116 3595 ε
181 3540 212 3591 te
231 3524 307 3589 satis
325 3535 374 3589 est
391 3524 517 3587 titulum
536 3524 643 3587 mortis
662 3523 779 3587 habere
797 3546 897 3587 meae.

110 3606 115 3687 J
141 3612 216 3696 quid
233 3633 313 3696 puer
330 3609 505 3684 Ascanius,
524 3609 601 3692 quid
619 3608 652 3674 di
669 3631 813 3674 meruere
830 3607 990 3673 Penates?
1186 3633 1216 3680 75

113 3690 116 3697 ’
181 3697 309 3784 ignibus
327 3707 453 3780 ereptos
472 3694 584 3760 obruet
601 3695 688 3759 unda
706 3694 802 3759 deos?

114 3786 117 3795 '
142 3785 196 3848 sed
212 3805 316 3866 nequo
334 3782 399 3845 fers
417 3791 533 3859 tecum,
551 3802 753 3863 nec—quae
771 3780 858 3857 mihi,
876 3779 1006 3865 perfide,
1024 3777 1175 3845 iactas—

109 3902 112 3907 ·
182 3878 365 3955 presserunt
382 3888 508 3931 umeros
527 3889 617 3931 sacra
633 3878 787 3951 paterque
805 3877 887 3930 tuos.

142 3956 246 4020 omnia
263 3953 419 4030 mentiris3
437 3974 497 4017 nec
515 3952 600 4017 enim
619 3965 674 4017 tua
691 3951 801 4016 fallere
818 3952 929 4036 lingua

101 4042 109 4117 J·
183 4040 292 4125 incipit
310 4037 454 4114 anobis,
472 4038 638 4122 primaque
655 4038 776 4122 plector
793 4058 864 4123 ego.
1183 4059 1216 4107 30

141 4127 169 4194 si
185 4149 334 4211 quaeras,
352 4124 409 4188 ubi
427 4124 468 4189 sit
485 4124 615 4189 formosi
633 4132 733 4188 mater
750 4123 828 4190 luti:
