2604 4974
260 262 1101 344 aar1sauaroamanm.1.1ae-aaa147

120 412 260 495 telaque,
278 410 319 475 ab
337 432 448 475 averso
465 431 547 494 quae
563 410 639 477 iacit
626 409 753 475 thostis
771 430 863 492 equo.
1120 425 1170 476 ιιι

79 520 133 581 qur
124 497 237 582 fugis
255 508 291 561 ut
308 497 431 573 vincas,
449 496 526 578 quid
544 495 637 573 vieto,
655 493 790 572 Partho,
808 493 977 578 relinquis?
1166 510 1169 517 ·

120 582 255 659 Parthe,
272 581 418 645 malum
409 604 473 645 ram
491 604 576 646 nunc
593 582 684 646 Mars
702 593 775 645 tuus
793 602 886 667 omen
903 579 1009 644 habet.

79 691 154 754 ergo
173 667 232 732 erit
219 667 303 733 tilla
321 667 405 743 dies,
423 687 487 750 qua
505 679 555 743 ιιι,
573 667 784 767 pulcherrime
801 661 918 742 rerum,

121 765 269 839 quattuor
285 754 319 816 in
336 752 436 817 niveis
455 774 569 817 aureus
586 752 646 817 ibis
665 752 770 836 equisl

77 840 242 903 ibuntt
188 850 260 904 ante
279 838 376 903 duces
393 838 515 902 onerati
533 839 614 902 oolla
631 838 760 915 catenis,

120 949 161 990 ne
178 924 300 1010 possint
287 923 391 1000 ttuti,
409 945 473 1008 qua
489 923 590 1024 prius,
609 946 678 988 esse
696 923 783 1008 fuga.

79 1023 166 1096 spect
155 1011 267 1074 tabunt
283 1009 355 1074 lae
333 1021 357 1074 1
375 1009 505 1074 iuvenes
524 1009 705 1092 mixtaeque
723 1009 858 1094 puellae,

121 1096 341 1178 diffundetque
359 1095 481 1159 animos
499 1095 672 1159 omnibus
663 1106 724 1159 rata
741 1094 819 1195 dies.

78 1193 173 1265 atque
191 1181 297 1265 aliqua
315 1203 355 1246 ex
366 1181 432 1280 'illis
451 1202 525 1245 oum
541 1202 655 1266 regum
672 1179 801 1244 nomina
817 1191 958 1263 quaeret,

120 1289 202 1350 quae
219 1268 304 1343 loca,
322 1266 377 1350 qui
392 1277 531 1344 montes,
550 1288 672 1367 quaeve
690 1266 833 1331 ferantur
849 1286 961 1348 aquae,

78 1353 184 1416 omnia
200 1352 367 1452 responde.
411 1374 471 1416 neo
488 1362 610 1416 tantum
629 1351 721 1436 siqua
736 1350 876 1437 rogabit;

121 1449 252 1521 etquae
270 1436 433 1514 nescieris,
452 1448 488 1501 ut
505 1437 586 1502 bene
603 1448 679 1501 nota
695 1437 788 1502 refer.

78 1522 195 1587 hict
147 1535 195 1588 est
213 1522 408 1608 Euphrates,
426 1523 586 1608 praecinet
587 1545 624 1587 us
574 1522 818 1587 tharundina
837 1521 987 1588 frontem.

122 1609 173 1673 eui
191 1630 282 1674 coma
299 1609 455 1708 dependet
474 1610 609 1685 caerula,
628 1607 733 1694 Tigris
752 1607 824 1672 erit:

78 1697 135 1761 hos
153 1694 232 1758 facis
250 1693 433 1758 Armenios.
452 1693 532 1759 haee
549 1705 598 1759 est
585 1664 761 1758 tDanae'r'a
777 1693 901 1758 Persis:

121 1780 224 1845 urbs'
215 1803 249 1843 m
266 1779 490 1844 Achaemeniis
508 1780 670 1845 vallibus
661 1791 721 1844 rata
738 1779 808 1844 fuit.

77 1866 130 1931 ille
149 1866 199 1930 vel
215 1866 283 1942 ille,
302 1865 408 1930 duces.
453 1876 485 1930 et
502 1877 594 1931 emnt
611 1887 694 1949 quae
711 1865 839 1929 nomina
856 1865 953 1942 dicas,

122 1952 149 2016 si
168 1961 224 2051 pot
225 1951 300 2027 eris,
319 1974 407 2015 vere:
427 1951 454 2015 si
471 1951 591 2028 minus,
610 1962 714 2052 aptat
715 1974 818 2052 amen.
836 1986 880 1997 -

80 2038 156 2102 dant
174 2036 269 2102 etiam
286 2037 395 2121 positis
413 2036 534 2101 aditum
552 2037 698 2102 convivia
714 2037 846 2103 mensis.

122 2133 170 2188 est
187 2122 306 2205 aliquid
323 2134 449 2272 ptraeter
465 2122 553 2200 vina,
573 2123 658 2206 quod
676 2123 750 2188 inde
766 2133 867 2207 petas.

79 2231 173 2294 saepe
190 2208 254 2272 illic
272 2208 366 2292 positi
383 2208 498 2274 teneris
517 2209 655 2272 adducta
671 2209 796 2273 lacertis

121 2315 298 2378 purpureus
317 2293 437 2359 Bacchi
455 2315 573 2358 cornua
589 2293 705 2379 pressit
692 2294 837 2358 tAmor·

79 2379 216 2463 vinaque
234 2400 307 2443 cum
324 2379 450 2443 bibulas
468 2401 611 2464 sparsere
630 2377 798 2464 Cupidinis
815 2379 892 2456 alas,

122 2476 287 2564 permanet
304 2475 336 2529 et
353 2475 445 2550 capto
464 2475 526 2529 stat
543 2465 649 2550 gravis
666 2464 719 2528 ille
736 2465 816 2529 loco.

78 2550 131 2615 ille
149 2550 326 2633 quidem
295 2572 407 2635 prunas
426 2550 540 2615 velocit
527 2559 575 2614 ter
593 2571 673 2615 excu
675 2550 712 2613 tit
675 2549 823 2614 tudes.

123 2636 179 2701 sed
196 2647 303 2700 tamen
320 2648 353 2700 et
369 2636 476 2720 spargi
493 2645 603 2720 peetus
622 2657 729 2700 amore
746 2648 848 2700 nocet

79 2722 154 2786 vina
171 2732 283 2807 parant
300 2721 422 2785 animos
440 2721 624 2805 faciuntque
641 2720 799 2786 caloribus
817 2731 922 2807 aptos:

123 2829 199 2872 cura
216 2807 300 2907 fugit
287 2807 415 2871 tmulto
433 2806 625 2890 diluiturque
643 2828 741 2872 mero.

79 2905 155 2959 tune
173 2892 304 2957 veniunt
320 2892 416 2969 risus,
434 2903 503 2957 tum
519 2914 642 2978 pauper
659 2913 778 2957 cornua
795 2891 901 2970 sumit,

122 2990 190 3042 tum
208 2977 347 3043 doloret
364 2999 459 3042 curae
476 2999 632 3079 rugaque
638 2977 751 3043 frontis
770 2977 845 3042 abit

79 3076 156 3129 tunc
173 3064 275 3164 aperit
291 3074 413 3129 mentes
431 3086 510 3130 aevo
527 3063 687 3129 rarissima
704 3074 812 3127 nostro

122 3149 321 3250 simplicitas,
339 3174 374 3215 ar
375 3161 422 3216 tes
440 3150 618 3216 excutiente
636 3151 706 3215 deo.

79 3235 142 3300 illic
159 3257 254 3320 saepe
272 3235 394 3300 animos
405 3236 562 3338 iuvenum
580 3258 713 3337 rapuere
729 3234 864 3320 puellae,

122 3331 154 3385 et
171 3320 308 3386 Venus
299 3344 332 3385 m
349 3321 430 3385 vinis
448 3321 531 3407 ignis
549 3323 581 3386 in
599 3321 674 3408 igne
691 3321 762 3386 fuit.

78 3406 130 3471 hie
147 3417 183 3470 tu
199 3405 353 3470 fallaci
321 3406 454 3471 nrmium
471 3430 511 3471 ne
529 3407 621 3472 crede
638 3407 800 3484 lucernae,

121 3491 238 3555 iudicio
256 3490 376 3557 formae
393 3513 521 3574 noxque
538 3514 724 3593 merumque
741 3501 865 3556 nocent.

79 3578 150 3641 luce
168 3576 243 3641 deas
262 3577 412 3677 caeloque
428 3576 521 3641 Paris
539 3579 692 3661 spectavit
710 3590 829 3663 aperto,

122 3684 196 3726 cum
213 3662 292 3726 dixit
309 3663 454 3729 Veneri‘
460 3663 559 3726 vincis
576 3673 759 3764 utramque,
776 3660 908 3728 Venus!

79 3759 172 3813 nocte
190 3749 288 3813 latent
305 3749 502 3826 mendae,'
472 3770 504 3812 ιι
505 3748 660 3834 tioque
628 3749 803 3813 ionosaitur
819 3746 915 3823 omni,

123 3832 263 3916 horaque
280 3833 451 3898 formosam
469 3802 660 3918 quamlibet
658 3835 713 3899 illa
729 3833 815 3897 facit.

81 3920 210 3984 consule
229 3919 268 3982 dc
284 3921 433 4004 gemmis,
452 3920 492 3985 de
509 3919 607 3983 tincta
624 3920 744 3984 murice
761 3920 843 3993 lana,

123 4004 254 4069 consule
272 4005 310 4068 de
327 4005 409 4068 facie
426 4005 671 4089 corporibusque
688 4005 782 4069 diem.
799 4039 843 4050 -

81 4091 159 4180 quid
177 4090 234 4154 tibi
249 4090 404 4156 femineos
423 4107 530 4156 coetus
549 4090 714 4156 venatibus
729 4100 823 4176 aptos
930 4130 932 4137 ·

878 4191 928 4246 10⁸
