2604 4974
355 284 602 343 MEDICAMINA
617 285 774 341 FORMAE
791 286 884 343 1—35.
1067 268 1129 336 139

265 892 676 980 MEDICAMINA
711 890 986 977 FORMAE.

105 1183 244 1261 Discite,
262 1205 344 1268 quae
361 1184 476 1248 faciem
494 1184 691 1249 commendet
709 1205 799 1258 cura,
817 1183 952 1267 puellae,
1056 1195 1057 1199 ’

149 1283 181 1336 et
198 1290 261 1353 quo
280 1271 320 1335 sit
336 1269 427 1334 vobis
445 1270 547 1334 forma
564 1269 683 1334 tuenda
699 1268 804 1331 modo.

107 1357 211 1420 cultus
229 1356 361 1420 humum
379 1356 517 1421 sterilem
536 1353 673 1420 Cerialia
690 1353 827 1439 pendere
845 1353 936 1418 iussit

148 1463 293 1506 munera:
312 1441 475 1506 mordaces
493 1441 638 1506 interiere
655 1440 736 1504 rubi.

107 1527 210 1591 cultus
228 1528 308 1592 etin
325 1527 428 1613 pomis
446 1548 537 1591 sucos
556 1526 703 1591 emendat
720 1525 861 1600 acerbos,

150 1613 297 1695 cultaque
315 1613 479 1698 adoptivas
498 1612 611 1696 accipit
628 1612 721 1675 arbor
739 1633 825 1696 opes.

107 1699 192 1764 culta
208 1698 344 1783 placent.
389 1719 466 1762 auro
484 1697 631 1761 sublimia
648 1707 732 1761 tecta
748 1697 899 1771 linuntur,

149 1783 241 1869 nigra
258 1784 319 1847 sub
336 1783 482 1868 imposito
500 1804 656 1848 marmore
674 1796 757 1848 terra
774 1783 863 1847 latet:

108 1870 223 1934 vellera
241 1891 334 1953 saepe
353 1869 463 1934 eadem
481 1868 579 1955 Tyrio
597 1869 795 1933 medicantur
812 1873 904 1932 aeno:

150 1955 256 2018 sectile
274 1955 393 2018 deliciis
413 1955 504 2018 India
521 1955 652 2039 praebet
669 1955 757 2020 ebur.

107 2040 238 2104 forsitan
256 2041 404 2123 antiquae
422 2040 515 2106 Tatio
534 2041 593 2105 sub
611 2063 686 2126 rege
705 2039 845 2105 Sabinae

149 2126 338 2201 maluerant,
357 2145 454 2208 quam
471 2149 518 2202 se,
537 2149 611 2190 rura
627 2138 759 2210 paterna
776 2125 850 2190 coli:

108 2233 180 2275 cum
197 2224 356 2287 matrona,
374 2234 520 2296 premens
538 2213 637 2276 altum
655 2211 832 2276 rubicunda
849 2211 956 2285 sedile,

149 2296 312 2361 assiduum
330 2297 409 2362 duro
427 2297 540 2382 pollice
556 2297 652 2362 nebat
670 2319 760 2383 opus,

107 2381 238 2467 ipsaque
257 2382 438 2458 claudebat,
456 2404 536 2466 quos
552 2382 618 2447 filia
635 2394 780 2469 paverat,
798 2403 907 2467 agnos,

148 2467 219 2552 ipsa
236 2467 333 2532 dabat
349 2467 455 2552 virgas
474 2490 627 2551 caesaque
645 2469 732 2554 ligna
748 2468 830 2532 foco.

109 2563 142 2616 at
157 2563 283 2618 nostrae
301 2565 417 2618 matres
435 2567 558 2618 teneras
576 2576 727 2639 peperere
744 2552 876 2638 puellas.

149 2638 243 2702 vultis
261 2639 405 2703 inaurata
423 2661 554 2724 corpora
571 2652 658 2704 veste
676 2639 752 2724 tegi,

108 2724 202 2788 vultis
220 2724 366 2789 odoratos
383 2725 488 2809 positu
506 2724 629 2789 variare
646 2725 786 2810 capillos,

150 2810 336 2893 conspicuas
353 2810 487 2895 gemmis
505 2810 600 2874 vultis
618 2810 734 2875 habere
752 2831 879 2873 manus:

108 2893 236 2958 induitis
254 2896 334 2959 collo
351 2896 473 2980 lapides
491 2896 610 2961 oriente
628 2896 752 2981 petitos,

149 2990 180 3043 et
198 2992 332 3061 quantos
351 3003 430 3045 onus
448 2993 495 3045 est
513 3004 589 3046 aure
607 2982 715 3046 tulisse
733 2981 822 3045 duos.

106 3088 166 3130 nec
183 3076 289 3130 tamen
306 3065 484 3152 indignum:
503 3067 543 3131 sit
560 3067 651 3131 vobis
668 3089 744 3130 cura
761 3066 916 3150 placendi,

149 3172 222 3214 oum
241 3163 383 3236 comptos
400 3151 538 3216 habeant
555 3154 682 3217 saecula
698 3165 805 3216 nostra
823 3151 917 3216 viros.

105 3235 244 3301 feminea
262 3237 358 3300 vestri
374 3238 535 3322 poliuntur
552 3239 623 3324 lege
640 3238 754 3313 mariti,

149 3333 180 3386 et
197 3322 251 3386 vix
270 3322 311 3386 ad
328 3323 430 3387 cultus
446 3335 560 3408 nupta,
579 3323 664 3407 quod
682 3322 794 3398 addat,
813 3321 920 3386 habet.

105 3428 162 3490 pro
181 3429 215 3471 se
233 3428 379 3490 quaeque
395 3419 507 3491 parent
525 3429 604 3491 quos
623 3419 654 3472 et
671 3422 826 3472 venentur
844 3429 977 3484 amores,

147 3491 253 3556 refert.
293 3494 447 3557 munditia
465 3493 595 3558 crimina
610 3495 698 3557 nulla
715 3506 845 3558 merent.

106 3599 179 3640 rure
196 3579 295 3641 latent
313 3578 499 3663 linguntque
518 3600 632 3642 eomas.
677 3579 751 3643 licet
768 3579 886 3644 arduus
903 3578 973 3642 illas

149 3662 229 3726 celet
247 3663 367 3738 Athos,
386 3664 485 3727 cultas
503 3665 585 3728 altus
602 3663 733 3727 habebit
750 3664 864 3728 Athos.

106 3759 153 3810 est
172 3747 266 3812 etiam
284 3748 440 3832 placuisse
458 3749 518 3812 sibi
536 3749 723 3832 cuicumque
741 3750 897 3834 voluptas.

149 3832 324 3917 virginibus
342 3834 429 3897 cordi
447 3845 599 3919 grataque
616 3835 719 3899 forma
737 3857 795 3898 sua
813 3845 870 3899 est.

106 3917 250 3980 laudatas
268 3918 387 3981 homini
404 3920 539 3983 volucris
558 3921 692 3984 Iunonia
710 3943 831 4005 pennas

149 4003 285 4087 explicat
304 4014 335 4067 et
351 4003 455 4067 forma
471 4007 570 4068 multa
588 4006 729 4091 superbit
747 4006 824 4069 avis.

106 4088 151 4154 eie
169 4089 274 4177 potius
291 4110 349 4153 nos
366 4102 436 4156 uret
453 4111 551 4166 amor,
570 4111 665 4176 quam
683 4091 816 4167 fortibus
834 4090 949 4168 herbis,
