2604 4974
170 808 211 877 92
512 823 545 880 P.
563 825 674 884 OVIDI
690 822 853 883 NASONIS

172 949 261 1015 ardet
278 944 312 1013 in
330 949 468 1014 abducta
485 949 629 1014 Briseide
646 971 781 1034 magnus
799 948 956 1014 Achilles:

214 1035 291 1098 dum
307 1035 396 1111 licet,
414 1035 540 1120 Argeas
558 1035 710 1121 frangite,
728 1035 844 1111 Troes,
862 1056 947 1119 opes.

122 1140 154 1188 35
172 1121 295 1186 Hector
312 1121 352 1184 ab
370 1121 611 1186 Andromaches
630 1120 835 1205 conplexibus
852 1120 919 1184 ibat
936 1121 978 1185 ad
995 1145 1093 1199 arma,

213 1217 244 1272 et
261 1207 385 1292 galeam
404 1207 500 1292 capiti
517 1227 600 1288 quae
617 1207 721 1282 daret,
738 1227 819 1269 uxor
836 1218 912 1270 erat.

171 1314 293 1356 summa
311 1292 442 1368 ducum,
460 1292 605 1368 Atrides,
624 1292 691 1356 visa
708 1291 888 1356 Priameide
906 1291 1006 1356 fertur

212 1376 381 1441 Maenadis
398 1377 507 1441 effusis
525 1377 715 1463 obstipuisse
733 1377 839 1441 comis.

170 1463 259 1527 Mars
278 1484 406 1546 quoque
424 1465 597 1549 deprensus
615 1463 740 1527 fabrilia
757 1463 884 1527 vincula
900 1461 1012 1528 sensit:

121 1568 154 1616 40
213 1549 317 1612 notior
333 1548 366 1611 in
384 1550 471 1612 caelo
489 1549 599 1613 fabula
615 1549 702 1613 nulla
719 1549 789 1613 fuit.

170 1633 238 1719 ipse
257 1656 317 1719 ego
335 1635 441 1719 segnis
459 1657 545 1699 eram
563 1633 776 1717 discinctaque
794 1634 827 1698 in
845 1633 910 1698 otia
926 1644 1033 1699 natus:

213 1720 390 1784 mollierunt
408 1720 529 1783 animos
546 1720 647 1784 lectus
665 1730 697 1784 et
713 1719 826 1784 umbra
843 1742 940 1784 meos.

170 1805 285 1890 inpulit
301 1806 454 1890 ignavum
472 1805 629 1870 formosae
648 1827 723 1870 cura
739 1805 873 1890 puellae,

213 1890 304 1955 iussit
321 1892 403 1956 etin
421 1891 530 1955 castris
548 1914 622 1955 aera
638 1913 759 1955 merere
777 1890 851 1954 suis.

120 1997 153 2045 45
171 1976 245 2041 inde
262 1976 352 2041 vides
369 1977 485 2062 agilem
502 1987 718 2060 nocturnaque
736 1976 819 2041 bella
836 1987 1009 2062 gerentem.

213 2061 268 2145 qui
286 2063 373 2127 nolet
390 2063 457 2127 fieri
475 2062 665 2139 desidiosus,
684 2073 777 2127 amet.

656 2215 702 2281 X.

172 2318 285 2402 Qualis
303 2320 344 2384 ab
361 2318 485 2385 Eurota
500 2320 651 2406 Phrygiis
669 2332 780 2385 avecta
798 2319 910 2386 carinis

213 2405 401 2492 coniugibus
419 2407 495 2470 belli
513 2428 608 2471 causa
626 2407 750 2470 duobus
768 2418 844 2482 erat,

171 2492 272 2575 qualis
291 2502 359 2556 erat
376 2491 480 2568 Lede,
498 2512 594 2574 quam
612 2493 728 2578 plumis
747 2492 873 2556 abditus
890 2491 971 2555 albis

214 2577 346 2641 callidus
363 2576 396 2641 in
414 2577 495 2641 falsa
512 2579 587 2641 lusit
604 2578 727 2642 adulter
744 2601 813 2654 ave,

138 2683 153 2731 5
171 2663 274 2749 qualis
292 2664 473 2747 Amymone
492 2663 582 2728 siccis
601 2665 716 2729 erravit
732 2664 766 2726 in
783 2662 878 2748 agris,

214 2771 286 2813 cum
303 2760 459 2834 premeret
477 2750 591 2814 summi
608 2749 733 2815 verticis
751 2772 831 2814 urna
849 2771 966 2824 comas,

171 2835 242 2899 talis
261 2858 340 2899 eras.
385 2835 587 2918 aquilamque
604 2836 637 2900 in
654 2846 686 2900 te
703 2847 892 2918 taurumque
911 2833 1071 2912 timebam,

214 2932 245 2985 et
262 2921 412 3004 quicquid
430 2943 546 3006 magno
565 2922 605 2986 de
622 2922 699 2986 Iove
716 2921 791 2985 fecit
808 2942 906 2985 amor.

170 3028 255 3071 nunc
272 3007 365 3070 timor
382 3006 483 3070 omnis
502 3006 605 3085 abest,
624 3007 783 3090 animique
801 3005 940 3071 resanuit
958 3027 1054 3084 error,

123 3112 154 3160 lo
213 3114 272 3157 nec
289 3092 388 3156 facies
405 3093 513 3158 oculos
532 3093 594 3156 iam
612 3095 697 3179 capit
713 3093 774 3157 ista
791 3113 889 3156 meos.

172 3200 228 3243 eur
245 3178 304 3242 sim
321 3189 477 3255 mutatus,
495 3178 639 3262 quaeris?
665 3179 741 3262 quia
758 3199 889 3242 munera
906 3177 1020 3262 poscis.

214 3263 293 3328 haec
310 3274 342 3329 te
359 3286 422 3328 non
441 3264 557 3351 patitur
574 3287 670 3329 causa
687 3265 811 3350 plaeere
829 3263 916 3327 mihi.

172 3350 272 3414 donec
289 3371 358 3414 eras
376 3350 524 3435 simplex,
543 3350 683 3415 animum
700 3372 772 3414 eum
791 3370 921 3434 corpore
938 3348 1043 3414 amavi
1048 3374 1057 3426 3

213 3456 298 3500 nunc
314 3436 428 3500 mentis
447 3436 522 3501 vitio
540 3437 627 3500 laesa
642 3437 746 3521 figura
763 3446 818 3499 tua
836 3444 893 3499 est.

123 3540 154 3589 15
172 3533 204 3586 et
220 3543 301 3606 puer
318 3531 365 3584 est
383 3532 415 3586 et
432 3521 537 3586 nudus
557 3523 667 3586 Amor.
710 3520 778 3586 sine
796 3520 941 3584 sordibus
959 3542 1058 3585 anuos

214 3617 246 3672 et
262 3606 364 3669 nullas
382 3618 500 3683 vestes,
518 3619 555 3670 ut
572 3607 612 3670 sit
628 3619 771 3692 apertus,
790 3606 895 3671 habet.

171 3691 248 3776 quid
265 3713 399 3776 puerum
416 3693 551 3758 Veneris
568 3691 669 3777 pretio
686 3704 828 3776 prostare
845 3691 979 3756 iubetis?

213 3798 277 3860 quo
294 3777 430 3861 pretium
448 3778 580 3854 condas,
598 3777 775 3842 nonhabet
793 3777 845 3841 ille
863 3777 976 3840 sinum.

170 3885 230 3928 nec
246 3862 357 3928 Venus
376 3874 451 3948 apta
467 3863 557 3939 feris,
575 3863 709 3929 Veneris
727 3885 787 3927 nec
803 3862 900 3937 filius,
919 3862 1027 3927 armis:

122 3966 155 4016 20
213 3970 277 4012 non
295 3948 385 4013 decet
401 3948 534 4014 inbelles
551 3972 625 4014 aera
642 3971 763 4014 merere
781 3948 867 4012 deos.

171 4043 234 4098 stat
250 4034 399 4099 meretrix
416 4046 502 4098 certo
520 4035 619 4099 cuivis
636 4034 813 4100 mercabilis
832 4056 905 4098 aere

213 4129 245 4185 et
262 4118 392 4184 miseras
409 4120 496 4184 iusso
514 4143 644 4206 corpore
662 4120 784 4204 quaerit
801 4141 886 4220 opes.

171 4205 306 4270 devovet
322 4205 490 4290 imperium
508 4216 615 4271 tamen
631 4206 711 4271 haec
727 4206 848 4271 lenoms
866 4204 963 4280 avari,

213 4300 245 4356 et
261 4291 348 4374 quod
365 4312 421 4356 vos
439 4291 544 4356 facitis
561 4302 687 4376 sponte,
706 4301 815 4355 coacta
831 4289 917 4354 facit.

25 4390 36 4427 ⁵-
120 4390 154 4441 2⁶
171 4376 287 4441 sumite
302 4375 534 4463 inexemplum
551 4377 689 4462 pecudes
706 4375 828 4441 ratione
845 4385 997 4441 carentes.

83 4526 86 4531 .
125 4508 130 4519 ·
153 4512 156 4519 -
212 4470 305 4547 turpe
322 4461 393 4536 erit,
410 4462 573 4548 ingenium
589 4461 697 4527 mitius
715 4483 784 4526 esse
800 4461 886 4527 feris.

77 4580 81 4599 ·
169 4566 236 4613 non
251 4567 335 4631 equa
349 4569 473 4650 munus·
483 4570 616 4633 equum,
632 4569 697 4611 non
713 4558 841 4612 taurum
858 4569 956 4612 vacca
971 4549 1130 4634 poposcit:

77 4610 113 4707 ll:-
212 4652 277 4703 non
293 4630 375 4699 arios
391 4634 540 4727 placitam
555 4655 687 4703 munere
703 4642 929 4725 captatorem

234 4916 311 4963 {rifi-.-
329 4904 356 4963 ².
402 4946 406 4963 ς
