2604 4974
394 371 396 374 Α
486 297 600 357 uocis
616 298 743 353 14-111.
1061 278 1126 349 113

147 447 293 510 quaeque
310 427 371 492 fuit
388 425 505 503 multis,
524 435 556 490 et
572 424 650 488 mibi
666 423 786 508 praeda
803 422 885 486 malo
904 433 960 487 est.

104 513 222 599 praeda
239 515 333 592 male,
351 512 526 598 Polydoro,
543 511 605 575 fuit
621 509 692 574 tibi:
711 508 830 594 praeda
846 508 1003 572 nefandae

147 598 291 684 coniugis
308 600 451 664 Aonium
468 597 554 662 misit
570 597 604 660 in
623 619 710 660 arma
728 595 841 658 virum.

106 685 254 770 Hesperii
272 687 358 770 regis
375 684 518 770 pomaria
535 693 604 747 tuta
621 681 769 746 fuissent:

146 793 211 834 una
228 771 284 835 sed
301 770 460 835 inmensas
478 769 573 833 arbor
589 767 728 832 habebat
745 788 831 851 opes.

105 869 137 920 at
155 856 254 920 rubus
272 868 304 922 et
321 869 425 922 sentes
443 854 661 920 tantummodo
679 853 804 917 laedere
822 851 888 915 nati

147 942 301 1027 spinaque
319 942 458 1006 vindicta
475 952 580 1006 cetera
596 950 666 1004 tuta
683 961 741 1003 sua
759 949 816 1003 est.

104 1051 169 1103 me,
189 1028 263 1111 quia
281 1050 340 1092 111
357 1049 456 1093 10110
474 1048 534 1092 111
551 1025 682 1092 aduncis
700 1025 844 1089 vindicor
860 1022 973 1099 hamis,

147 1114 244 1177 missa
261 1125 374 1199 petunt
391 1113 485 1178 avida
503 1135 580 1177 saxa
597 1122 744 1197 proterva
761 1133 868 1175 manu.

105 1199 208 1282 quidsi
226 1220 290 1265 non
308 1211 398 1285 aptas
417 1200 516 1265 solem
533 1197 706 1263 vitantibus
724 1197 864 1271 umbras,

148 1285 277 1349 finditur
294 1285 397 1350 Icario
416 1308 489 1350 cum
508 1307 586 1351 cane
604 1295 702 1360 terra,
721 1282 848 1348 darem?

104 1371 182 1453 quid
199 1372 260 1435 nisi
277 1371 453 1457 suffugium
469 1371 595 1436 nimbos
613 1368 791 1434 vitantibus·
802 1390 915 1444 essem,

147 1479 211 1520 non
229 1468 411 1542 exspectata
429 1480 501 1522 cum
519 1457 606 1523 venit
622 1455 725 1520 imber
741 1454 843 1538 aqua?

106 1543 213 1608 omnia
230 1564 304 1608 cum
321 1543 451 1621 faciam,
471 1551 543 1607 cum
561 1552 718 1629 praestem
736 1541 848 1606 sedula
866 1537 987 1605 cunctis

148 1628 302 1705 officium,
320 1630 405 1693 saxis
423 1629 565 1694 officiosa
581 1640 680 1714 petor.

104 1712 184 1779 haec
201 1713 279 1777 mihi
319 1737 466 1800 erpessae
484 1713 602 1779 domini
619 1712 769 1799 patienda
786 1712 927 1797 querella
944 1723 1008 1777 est:

148 1822 245 1865 causa
262 1737 391 1876 habeor,
408 1823 505 1885 quare
524 1801 565 1865 sit
580 1799 743 1886 lapidosus
761 1821 847 1885 ager.

105 1885 245 1968 dumque
262 1897 414 1972 repurgat
431 1886 563 1951 humum
582 1887 777 1969 collectaque
796 1908 873 1950 saxa
889 1882 1030 1960 remittit,

148 1994 273 2057 semper
289 1970 407 2037 habent
423 1973 457 2037 iu
475 1995 526 2037 111
543 1974 606 2038 tela
623 1983 734 2057 parata
752 1973 830 2037 viae.

105 2079 182 2142 ergo
199 2057 301 2123 invisa
319 2059 388 2123 aliis
406 2059 461 2123 uni
478 2059 556 2122 mihi
572 2059 692 2144 frigora
709 2068 855 2142 prosunt:

148 2143 202 2207 illo
220 2166 271 2208 me
289 2155 390 2208 tutam
407 2155 549 2229 tempore
567 2154 707 2230 praestat
724 2144 834 2208 biems.

106 2229 192 2293 nuda
209 2229 338 2312 quidem
355 2243 431 2294 tunc
450 2253 534 2306 sum3
553 2231 672 2294 nudam
690 2242 795 2294 tamen
814 2228 942 2314 expedit
959 2249 1042 2291 esse:

148 2337 213 2379 non
230 2315 365 2399 spolium
384 2316 424 2380 de
441 2338 493 2380 me
511 2316 596 2399 quod
614 2328 701 2401 petat
718 2314 816 2379 hostis
834 2314 939 2379 habet.

106 2411 139 2464 at
157 2400 251 2464 simul
268 2400 429 2465 induimus
447 2402 561 2465 nostris
581 2424 639 2466 sua
655 2422 788 2465 munera
805 2400 911 2477 ramis,

148 2508 226 2550 saxa
242 2507 342 2550 novos
360 2487 482 2552 fructus
499 2485 654 2573 grandine
672 2486 764 2573 plura
781 2495 902 2571 petunt.

105 2571 238 2636 forsitan
255 2571 307 2636 bic
324 2570 437 2655 aliquis
455 2572 538 2637 dicat
558 2579 655 2657 ‘quae
672 2572 800 2657 publiea
817 2580 961 2656 tangunt,

149 2679 277 2742 carpere
295 2679 480 2722 1011111111
498 2669 560 2722 est:
578 2659 639 2722 hoc
657 2658 709 2721 via
725 2658 801 2721 iuris
820 2655 936 2721 habet.'

105 2743 132 2807 si
149 2743 223 2808 licet
240 2742 315 2820 hoo,
334 2744 420 2808 oleas
438 2743 614 2828 distringite
620 2767 629 2820 ;
648 2743 769 2808 caedite
787 2764 919 2818 messes;

147 2829 305 2915 improbe,
324 2829 464 2894 vicinum
481 2852 588 2914 carpe,
606 2830 717 2905 viator,
734 2829 836 2893 holus.

105 2915 200 2980 intret
217 2925 249 2979 et
266 2915 404 2979 urbanas
423 2915 534 2980 eadem
553 2915 726 3000 petulantia
744 2926 859 3001 portas,

149 2999 251 3083 sitque
269 3000 332 3065 tuis
350 3001 461 3078 muris,
480 3001 631 3078 Romule,
648 3001 725 3065 iuris
742 3002 837 3066 idem.
885 3030 888 3034 ·

105 3084 238 3170 quilibet
255 3097 423 3171 argentum
440 3087 542 3172 prima
560 3087 599 3151 de
616 3087 720 3152 fronte
738 3087 888 3152 tabernae

148 3172 251 3247 tollat,
270 3172 359 3237 etad
377 3195 520 3258 gemmas
539 3173 671 3256 quilibet
689 3173 768 3238 alter
785 3184 846 3238 eat.

104 3256 229 3322 auferat
246 3257 298 3321 hic
315 3281 443 3335 aurum,
462 3259 646 3344 peregrinos
663 3259 716 3323 ille
733 3260 866 3344 lapillos,

149 3355 180 3407 et
197 3363 413 3427 quascumque
432 3354 534 3430 potest
552 3355 695 3429 tangere,
714 3344 804 3410 tollat
822 3368 907 3430 opes.

104 3428 162 3494 sed
178 3450 282 3512 neque
300 3428 467 3507 tolluntur;
485 3452 553 3505 nec,
572 3430 648 3493 dum
665 3430 746 3515 regit
764 3432 869 3495 omnia
887 3431 1016 3510 Caesar,

147 3513 314 3578 incolumis
330 3524 417 3579 tanto
434 3515 578 3600 praeside
595 3526 703 3600 raptor
720 3514 787 3580 erit.

104 3611 139 3665 at
155 3621 219 3663 101
235 3599 288 3664 ille
307 3599 386 3665 deus
403 3622 515 3685 pacem
533 3600 615 3665 intra
632 3602 756 3666 moenia
774 3600 856 3666 finit:

148 3684 301 3750 auxilium
319 3695 385 3750 toto
403 3687 524 3771 spargit
540 3686 573 3750 in
590 3686 666 3752 orbe
684 3711 788 3751 suum.

104 3771 183 3855 quid
200 3783 306 3836 tamen
324 3770 385 3836 hoc
402 3771 544 3857 prodest,
562 3773 667 3837 media
684 3774 711 3837 si
728 3774 798 3838 luce
817 3774 986 3859 palamque

147 3855 307 3935 verberor,
325 3869 357 3922 et
374 3869 461 3922 tutae
478 3879 542 3922 101
560 3858 634 3924 licet
652 3881 719 3924 esse
737 3859 834 3923 mihi?

104 3964 182 4030 ergo
199 3965 259 4008 nec
275 3944 366 4008 nidos
383 3943 466 4008 foliis
484 3943 614 4009 haerere
631 3967 691 4010 111
707 3945 806 4010 ullam

151 4029 317 4098 frondibus
335 4035 368 4098 in
385 4035 500 4099 nostris
519 4047 601 4098 stare
619 4032 732 4095 videtis
751 4053 839 4094 aves.

103 4127 137 4183 at
154 4117 249 4204 lapis,
267 4117 300 4181 in
317 4141 406 4185 ramo
424 4120 507 4187 sedit
524 4121 727 4208 quicumque
737 4118 894 4193 bifurco,
