2604 4974
219 273 335 331 66666
352 273 581 330 6666666666
598 273 671 328 666.
690 272 742 328 111.
761 272 907 330 666-666.
1013 257 1075 327 193

96 399 215 486 rumpit
233 410 265 465 66
280 398 427 484 indignas
444 397 565 462 sauciat
581 419 690 498 ungue
707 413 816 482 genas.

54 508 114 552 nec
130 507 233 561 mora,
251 507 307 571 per
324 485 443 550 medias
461 482 562 568 passis
580 482 752 548 furrbunda
770 483 890 568 capillis

98 573 216 648 evolat,
234 583 270 634 ut
287 571 396 655 thyrso
415 569 537 634 concita
553 568 696 645 Baccha,
714 569 791 633 vias.
1095 591 1144 642 710

55 668 91 723 ut
107 678 205 742 prope
223 667 424 742 perventum,
442 654 573 720 comites
589 654 623 718 in
641 655 722 720 66116
740 654 897 738 relinquit,

97 743 167 828 ipsa
184 765 295 807 nemus
312 741 408 806 tacito
427 741 508 806 clam
525 739 607 825 pede
624 738 715 804 fortis
731 739 799 804 init.

55 829 133 913 quid
150 827 207 892 tibi
225 828 338 892 mentis
356 837 437 903 erat,
456 847 529 891 cum
546 825 592 891 sic
609 826 691 891 male
709 848 786 889 sana
803 825 927 902 lateres,

98 912 228 978 Procri?
253 913 324 995 quis
342 911 475 976 adtoniti
491 911 626 997 pectoris
644 911 736 976 ardor
753 911 839 976 erat?

54 999 200 1064 iamiam
217 1010 397 1072 venturam,
416 1017 635 1081 quaecumque
652 1007 719 1062 6666
737 998 838 1073 Α666,
856 997 991 1083 putabas
1095 1017 1144 1067 615

99 1085 231 1162 scilicet,
250 1097 345 1167 atque
363 1083 462 1148 oculis
479 1083 596 1168 probra
612 1082 749 1148 videnda
765 1082 849 1147 tuis?

55 1192 142 1235 nunc
158 1169 282 1234 venisse
299 1169 401 1255 piget,
419 1191 581 1254 —neque
599 1169 683 1234 enim
701 1168 896 1254 deprendere
913 1169 1010 1235 velles
1027 1206 1071 1216 -

99 1278 185 1321 nunc
201 1255 303 1319 iuvat:
322 1255 460 1322 incertus
478 1266 607 1340 pectora
624 1265 730 1320 versat
746 1275 845 1318 amor.

57 1342 185 1407 credere
202 1362 285 1424 quae
302 1340 446 1418 iubeant,
464 1341 552 1406 locus
570 1351 618 1405 666
635 1351 666 1406 66
683 1361 799 1406 nomen
817 1351 849 1406 66
864 1339 971 1417 index,

100 1438 132 1492 et
149 1426 224 1511 quia
241 1449 349 1490 amans
368 1448 502 1511 semper,
519 1426 605 1509 quod
622 1425 722 1503 timet,
740 1448 809 1492 6666
826 1436 930 1512 putat;
1098 1448 1147 1497 666

56 1512 137 1578 616116
154 1523 186 1577 66
203 1533 354 1597 oppressa
370 1511 505 1598 vestigia
522 1511 661 1597 corporis
678 1511 791 1577 herba:
1143 1544 1147 1549 ·

100 1599 265 1684 pulsantur
282 1597 397 1683 trepidi
414 1597 508 1663 corde
526 1597 663 1663 micante
681 1595 783 1663 616661

55 1685 183 1768 iamque
201 1683 268 1749 dies
286 1683 409 1749 medius
427 1694 538 1749 tenues
556 1693 755 1749 contraxerat
771 1682 911 1760 umbras,

99 1769 196 1853 inque
235 1769 281 1833 ari
299 1769 399 1855 spatio
417 1793 472 1834 ves
496 1792 530 1835 66
547 1781 579 1834 66
595 1780 683 1834 ortus
701 1780 803 1835 erant:

57 1877 148 1931 ecce,
165 1878 199 1920 re
224 1855 247 1919 't
265 1853 427 1942 Cephalus
444 1856 468 1920 s'
483 1855 546 1932 vis,
565 1853 711 1940 Cyllenia
726 1855 841 1940 proles,

101 1962 219 2025 oraque
236 1939 368 2006 fontana
384 1940 506 2007 fervida
522 1942 628 2027 pulsat
646 1963 738 2024 aqua.

56 2026 153 2092 anxie
169 2026 296 2103 Procri,
313 2027 402 2092 lates.
446 2027 554 2092 6611666
570 2027 653 2093 16666
668 2027 721 2092 1116
738 2049 796 2112 per
813 2025 927 2092 herbas

101 2124 134 2178 et
152 2112 296 2198 ‘zephyri
313 2113 424 2179 molles
442 2113 594 2196 auraque‘
613 2112 693 2177 dixit
710 2110 829 2177 ‘adesl’

56 2210 94 2264 ut
111 2197 214 2284 patuit
230 2198 363 2264 miserae
380 2198 537 2264 iucundus
554 2197 689 2263 nominis
707 2220 803 2276 error,

104 2296 136 2349 et
153 2306 242 2349 mens
260 2294 292 2349 et
308 2284 400 2351 rediit
417 2306 512 2350 66666
529 2284 562 2348 16
580 2305 635 2348 666
652 2284 747 2349 66166.

58 2369 161 2455 surgit
178 2381 209 2435 et
226 2370 386 2456 oppositas
404 2369 523 2456 agitato
542 2391 672 2455 corpore
689 2369 818 2436 frondes

101 2456 201 2521 movit
218 2455 251 2520 in
268 2456 433 2540 amplexus
451 2477 532 2520 uxor
548 2455 632 2520 itura
649 2455 717 2520 viri.

56 2542 127 2618 ille,
144 2540 245 2607 feram
262 2541 378 2606 vidisse
395 2552 497 2618 ratus,
514 2541 701 2608 iuvenaliter
718 2563 810 2608 arcus

103 2628 245 2713 corripit,
262 2627 295 2691 in
313 2627 425 2692 dextra
442 2628 506 2692 tela
522 2629 610 2692 fuere
628 2650 735 2692 manu.

58 2712 137 2798 quid
154 2712 247 2790 facis,
265 2712 395 2779 infelix?
420 2736 485 2777 non
503 2727 550 2778 est
567 2712 646 2790 fera,
663 2713 824 2799 supprime
842 2712 918 2779 telal
1101 2734 1149 2784 636

103 2821 154 2863 me
170 2798 334 2864 miserum!
352 2800 455 2864 iaculo
473 2799 538 2863 fixa
554 2799 661 2884 puella
678 2809 733 2863 tuo
752 2810 808 2864 est.
1141 2830 1149 2837 -

58 2883 104 2950 ‘ei
121 2882 227 2949 mihil’
246 2886 423 2950 conclamat
439 2884 549 2949 ‘fixisti
567 2896 678 2970 pectus
696 2884 846 2950 amicum:

102 2969 155 3034 hic
171 2970 259 3034 locus
278 2993 297 3034 6
315 2967 458 3056 Cephalo
476 2972 608 3036 vulnera
626 2993 750 3054 semper
766 2970 873 3036 habet.

59 3065 134 3122 ante
152 3055 236 3120 diem
254 3057 371 3129 morior
387 3092 430 3103 —
447 3056 504 3122 6661
520 3057 609 3120 nulla
626 3057 746 3141 paelice
764 3055 863 3121 laesal

103 3140 164 3205 hoc
180 3141 276 3207 faciet
292 3142 415 3227 positae
432 3154 463 3209 te
481 3142 572 3218 mihi,
591 3152 688 3217 terra,
706 3141 819 3208 levem.

58 3226 188 3292 nomine
206 3229 450 3321 suspeetap'iam
467 3228 595 3313 spiritus
613 3228 679 3293 exit
695 3229 728 3292 in
746 3232 854 3294 auras:

102 3313 206 3390 labor3
224 3313 270 3390 io,
289 3335 363 3378 cara
379 3313 499 3378 lunrina
516 3313 617 3379 conde
633 3313 759 3379 manul'

59 3398 155 3476 dixit,
173 3409 204 3464 et
221 3398 350 3465 incauto
368 3399 521 3500 paulatim
537 3410 663 3484 pectore
681 3398 789 3485 lapsus

103 3484 259 3570 excipitur
275 3485 382 3548 misen
400 3485 527 3569 spiritus
546 3506 600 3550 ore
618 3484 687 3549 6161.

57 3569 113 3635 ille
131 3570 202 3634 sinu
220 3570 366 3636 dominae
383 3569 550 3635 morientia
566 3590 698 3656 corpora
714 3583 835 3637 6666666
1100 3593 1149 3642 645

103 3656 237 3721 66661666
254 3667 286 3720 66
302 3655 440 3720 lacrimis
458 3655 589 3721 vulnera
606 3678 702 3721 saeva
719 3657 814 3721 16666.
831 3692 875 3705 -

59 3741 118 3807 6661
134 3752 314 3826 repetamus
332 3762 422 3827 opus.
465 3739 544 3805 mihi
559 3741 653 3807 nudis
669 3742 765 3807 rebus
783 3742 923 3807 eundum
941 3751 998 3818 est,

102 3838 138 3891 ut
156 3837 267 3911 tangat
283 3837 393 3912 portus
411 3826 496 3891 fessa
513 3828 620 3892 carina
637 3849 721 3892 6666.

58 3911 180 3978 scilicet
198 3923 362 3998 expectes,
381 3913 457 3976 dum
474 3913 555 3977 6616
573 3913 718 3978 66661616
736 3912 861 3989 ducam,

103 4009 136 4063 et
153 3997 279 4081 quaeris
295 3998 434 4064 monitus
453 3997 513 4063 hac
531 4018 657 4083 quoque
674 4009 765 4084 parte
782 3998 888 4064 meos?
1103 4019 1166 4062 666

59 4106 132 4151 6666
148 4083 222 4149 6661
238 4084 403 4170 positaque
421 4085 536 4153 decens
553 4083 668 4177 incede
683 4085 836 4153 1666666.

113 4182 243 4231 odanam.
911 4180 958 4239 Υὸ
