<?xml version="1.0" encoding="UTF-8"?>
<!DOCTYPE html PUBLIC "-//W3C//DTD XHTML 1.0 Transitional//EN"
    "http://www.w3.org/TR/xhtml1/DTD/xhtml1-transitional.dtd">
<html xmlns="http://www.w3.org/1999/xhtml" xml:lang="en" lang="en">
 <head>
  <title>
</title>
<meta http-equiv="Content-Type" content="text/html;charset=utf-8" />
  <meta name='ocr-system' content='tesseract 3.04.00' />
  <meta name='ocr-capabilities' content='ocr_page ocr_carea ocr_par ocr_line ocrx_word'/>
</head>
<body>
  <div class='ocr_page' id='page_1' title='image "./carmina04ovidgoog_0234.png"; bbox 0 0 2604 4974; ppageno 0'>
   <div class='ocr_carea' id='block_1_1' title="bbox 309 262 1109 338">
    <p class='ocr_par' dir='ltr' id='par_1_1' title="bbox 309 262 1109 338">
     <span class='ocr_line' id='line_1_1' title="bbox 309 262 1109 338; baseline -0.006 -5"><span class='ocrx_word' id='word_1_1' title='bbox 309 275 566 338; x_wconf 81' lang='lat' dir='ltr'><strong>REMEDIORUM</strong></span> <span class='ocrx_word' id='word_1_2' title='bbox 583 279 726 335; x_wconf 85' lang='lat' dir='ltr'>AMORIS</span> <span class='ocrx_word' id='word_1_3' title='bbox 743 274 890 336; x_wconf 79' lang='lat' dir='ltr'>cos-695.</span> <span class='ocrx_word' id='word_1_4' title='bbox 1047 262 1109 330; x_wconf 82' lang='grc'>211</span> 
     </span>
    </p>
   </div>
   <div class='ocr_carea' id='block_1_2' title="bbox 84 400 971 3728">
    <p class='ocr_par' dir='ltr' id='par_1_2' title="bbox 131 400 953 488">
     <span class='ocr_line' id='line_1_2' title="bbox 131 400 953 488; baseline 0.005 -24"><span class='ocrx_word' id='word_1_5' title='bbox 131 400 188 464; x_wconf 91' lang='lat' dir='ltr'>sed</span> <span class='ocrx_word' id='word_1_6' title='bbox 206 412 311 466; x_wconf 89' lang='lat' dir='ltr'>tamen</span> <span class='ocrx_word' id='word_1_7' title='bbox 328 401 407 467; x_wconf 89' lang='lat' dir='ltr'>haec</span> <span class='ocrx_word' id='word_1_8' title='bbox 425 401 530 467; x_wconf 86' lang='lat' dir='ltr'>brevis</span> <span class='ocrx_word' id='word_1_9' title='bbox 546 413 610 480; x_wconf 88' lang='lat' dir='ltr'>est,</span> <span class='ocrx_word' id='word_1_10' title='bbox 627 402 682 467; x_wconf 87' lang='lat' dir='ltr'>illa</span> <span class='ocrx_word' id='word_1_11' title='bbox 698 403 843 488; x_wconf 76' lang='lat' dir='ltr'>perennio</span> <span class='ocrx_word' id='word_1_12' title='bbox 861 424 953 487; x_wconf 87' lang='lat' dir='ltr'>aqua.</span> 
     </span>
    </p>

    <p class='ocr_par' dir='ltr' id='par_1_3' title="bbox 89 484 878 720">
     <span class='ocr_line' id='line_1_3' title="bbox 89 484 798 553; baseline 0.006 -4"><span class='ocrx_word' id='word_1_13' title='bbox 89 484 179 550; x_wconf 87' lang='lat' dir='ltr'>fallat</span> <span class='ocrx_word' id='word_1_14' title='bbox 197 486 278 551; x_wconf 90' lang='lat' dir='ltr'>etin</span> <span class='ocrx_word' id='word_1_15' title='bbox 296 499 407 552; x_wconf 89' lang='lat' dir='ltr'>tenues</span> <span class='ocrx_word' id='word_1_16' title='bbox 424 488 577 552; x_wconf 85' lang='lat' dir='ltr'>evanidus</span> <span class='ocrx_word' id='word_1_17' title='bbox 596 501 689 553; x_wconf 87' lang='lat' dir='ltr'>exeat</span> <span class='ocrx_word' id='word_1_18' title='bbox 706 511 798 553; x_wconf 90' lang='lat' dir='ltr'>auras</span> 
     </span>
     <span class='ocr_line' id='line_1_4' title="bbox 124 574 878 720; baseline 0.003 -84"><span class='ocrx_word' id='word_1_19' title='bbox 124 593 251 720; x_wconf 76' lang='lat' dir='ltr'>perque</span> <span class='ocrx_word' id='word_1_20' title='bbox 268 574 386 657; x_wconf 84' lang='lat' dir='ltr'>gradus</span> <span class='ocrx_word' id='word_1_21' title='bbox 403 574 514 639; x_wconf 93' lang='lat' dir='ltr'>molles</span> <span class='ocrx_word' id='word_1_22' title='bbox 532 574 702 639; x_wconf 87' lang='lat' dir='ltr'>emoriatur</span> <span class='ocrx_word' id='word_1_23' title='bbox 719 595 816 638; x_wconf 86' lang='lat' dir='ltr'>amor.</span> <span class='ocrx_word' id='word_1_24' title='bbox 833 608 878 622; x_wconf 86' lang='lat'>--</span> 
     </span>
    </p>

    <p class='ocr_par' dir='ltr' id='par_1_4' title="bbox 89 658 899 829">
     <span class='ocr_line' id='line_1_5' title="bbox 89 658 899 745; baseline 0 -23"><span class='ocrx_word' id='word_1_25' title='bbox 89 679 122 722; x_wconf 90' lang='lat' dir='ltr'>se</span> <span class='ocrx_word' id='word_1_26' title='bbox 162 658 256 722; x_wconf 92' lang='lat' dir='ltr'>modo</span> <span class='ocrx_word' id='word_1_27' title='bbox 275 658 421 722; x_wconf 81' lang='lat' dir='ltr'>dilectam</span> <span class='ocrx_word' id='word_1_28' title='bbox 440 659 543 724; x_wconf 89' lang='lat' dir='ltr'>scelus</span> <span class='ocrx_word' id='word_1_29' title='bbox 561 670 608 724; x_wconf 88' lang='lat' dir='ltr'>est</span> <span class='ocrx_word' id='word_1_30' title='bbox 625 660 729 724; x_wconf 89' lang='lat' dir='ltr'>odisse</span> <span class='ocrx_word' id='word_1_31' title='bbox 746 659 899 745; x_wconf 86' lang='lat' dir='ltr'>puellam:</span> 
     </span>
     <span class='ocr_line' id='line_1_6' title="bbox 131 743 730 829; baseline 0 -21"><span class='ocrx_word' id='word_1_32' title='bbox 131 744 233 808; x_wconf 87' lang='lat' dir='ltr'>exitus</span> <span class='ocrx_word' id='word_1_33' title='bbox 250 743 386 829; x_wconf 86' lang='lat' dir='ltr'>ingeniis</span> <span class='ocrx_word' id='word_1_34' title='bbox 404 745 552 810; x_wconf 88' lang='lat' dir='ltr'>convenit</span> <span class='ocrx_word' id='word_1_35' title='bbox 567 745 627 810; x_wconf 89' lang='lat' dir='ltr'>iste</span> <span class='ocrx_word' id='word_1_36' title='bbox 645 744 730 809; x_wconf 85' lang='lat' dir='ltr'>feris.</span> 
     </span>
    </p>

    <p class='ocr_par' dir='ltr' id='par_1_5' title="bbox 87 830 863 1001">
     <span class='ocr_line' id='line_1_7' title="bbox 87 830 863 914; baseline 0 -21"><span class='ocrx_word' id='word_1_37' title='bbox 87 850 151 893; x_wconf 92' lang='lat' dir='ltr'>non</span> <span class='ocrx_word' id='word_1_38' title='bbox 170 850 280 894; x_wconf 90' lang='lat' dir='ltr'>curare</span> <span class='ocrx_word' id='word_1_39' title='bbox 298 841 347 894; x_wconf 91' lang='lat' dir='ltr'>sat</span> <span class='ocrx_word' id='word_1_40' title='bbox 364 840 420 894; x_wconf 81' lang='lat' dir='ltr'>est.</span> <span class='ocrx_word' id='word_1_41' title='bbox 464 830 537 894; x_wconf 91' lang='lat' dir='ltr'>odio</span> <span class='ocrx_word' id='word_1_42' title='bbox 554 830 610 914; x_wconf 88' lang='lat' dir='ltr'>qui</span> <span class='ocrx_word' id='word_1_43' title='bbox 627 830 696 895; x_wconf 88' lang='lat' dir='ltr'>finit</span> <span class='ocrx_word' id='word_1_44' title='bbox 713 851 863 908; x_wconf 86' lang='lat' dir='ltr'>amorem,</span> 
     </span>
     <span class='ocr_line' id='line_1_8' title="bbox 131 915 821 1001; baseline 0.003 -23"><span class='ocrx_word' id='word_1_45' title='bbox 131 925 288 978; x_wconf 81' lang='lat' dir='ltr'>autumat</span> <span class='ocrx_word' id='word_1_46' title='bbox 305 925 360 978; x_wconf 92' lang='lat' dir='ltr'>aut</span> <span class='ocrx_word' id='word_1_47' title='bbox 378 937 472 1001; x_wconf 80' lang='lat' dir='ltr'><strong>aegre</strong></span> <span class='ocrx_word' id='word_1_48' title='bbox 490 915 612 981; x_wconf 85' lang='lat' dir='ltr'>desinet</span> <span class='ocrx_word' id='word_1_49' title='bbox 630 939 698 980; x_wconf 88' lang='lat' dir='ltr'>esse</span> <span class='ocrx_word' id='word_1_50' title='bbox 716 915 821 980; x_wconf 88' lang='lat' dir='ltr'>miser.</span> 
     </span>
    </p>

    <p class='ocr_par' dir='ltr' id='par_1_6' title="bbox 88 999 966 1173">
     <span class='ocr_line' id='line_1_9' title="bbox 88 999 966 1086; baseline 0.001 -22"><span class='ocrx_word' id='word_1_51' title='bbox 88 1010 179 1085; x_wconf 80' lang='lat' dir='ltr'>turpe</span> <span class='ocrx_word' id='word_1_52' title='bbox 195 999 244 1063; x_wconf 89' lang='lat' dir='ltr'>vir</span> <span class='ocrx_word' id='word_1_53' title='bbox 261 1011 293 1065; x_wconf 90' lang='lat' dir='ltr'>et</span> <span class='ocrx_word' id='word_1_54' title='bbox 310 1001 432 1078; x_wconf 87' lang='lat' dir='ltr'>mulier,</span> <span class='ocrx_word' id='word_1_55' title='bbox 449 1001 548 1066; x_wconf 91' lang='lat' dir='ltr'>iuncti</span> <span class='ocrx_word' id='word_1_56' title='bbox 565 1004 673 1080; x_wconf 89' lang='lat' dir='ltr'>modo,</span> <span class='ocrx_word' id='word_1_57' title='bbox 691 1001 834 1086; x_wconf 89' lang='lat' dir='ltr'>protinus</span> <span class='ocrx_word' id='word_1_58' title='bbox 852 1002 966 1067; x_wconf 88' lang='lat' dir='ltr'>hostes.</span> 
     </span>
     <span class='ocr_line' id='line_1_10' title="bbox 129 1085 735 1173; baseline 0.003 -25"><span class='ocrx_word' id='word_1_59' title='bbox 129 1107 192 1149; x_wconf 90' lang='lat' dir='ltr'>non</span> <span class='ocrx_word' id='word_1_60' title='bbox 209 1085 280 1150; x_wconf 88' lang='lat' dir='ltr'>illas</span> <span class='ocrx_word' id='word_1_61' title='bbox 297 1086 368 1150; x_wconf 89' lang='lat' dir='ltr'>lites</span> <span class='ocrx_word' id='word_1_62' title='bbox 385 1087 508 1172; x_wconf 88' lang='lat' dir='ltr'>Appias</span> <span class='ocrx_word' id='word_1_63' title='bbox 526 1087 596 1172; x_wconf 86' lang='lat' dir='ltr'>ipsa</span> <span class='ocrx_word' id='word_1_64' title='bbox 612 1086 735 1173; x_wconf 80' lang='lat' dir='ltr'>probat.</span> 
     </span>
    </p>

    <p class='ocr_par' dir='ltr' id='par_1_7' title="bbox 88 1170 971 1333">
     <span class='ocr_line' id='line_1_11' title="bbox 88 1170 971 1256; baseline 0.001 -21"><span class='ocrx_word' id='word_1_65' title='bbox 88 1193 182 1256; x_wconf 83' lang='lat' dir='ltr'>saepe</span> <span class='ocrx_word' id='word_1_66' title='bbox 200 1193 270 1235; x_wconf 87' lang='lat' dir='ltr'>reas</span> <span class='ocrx_word' id='word_1_67' title='bbox 287 1170 423 1248; x_wconf 84' lang='lat' dir='ltr'>faciunt,</span> <span class='ocrx_word' id='word_1_68' title='bbox 441 1183 473 1237; x_wconf 91' lang='lat' dir='ltr'>et</span> <span class='ocrx_word' id='word_1_69' title='bbox 490 1183 607 1237; x_wconf 87' lang='lat' dir='ltr'>amant.</span> <span class='ocrx_word' id='word_1_70' title='bbox 651 1172 707 1236; x_wconf 90' lang='lat' dir='ltr'>ubi</span> <span class='ocrx_word' id='word_1_71' title='bbox 724 1172 812 1238; x_wconf 89' lang='lat' dir='ltr'>nulla</span> <span class='ocrx_word' id='word_1_72' title='bbox 829 1173 971 1238; x_wconf 84' lang='lat' dir='ltr'>simultas</span> 
     </span>
     <span class='ocr_line' id='line_1_12' title="bbox 129 1255 787 1333; baseline 0.003 -13"><span class='ocrx_word' id='word_1_73' title='bbox 129 1255 252 1333; x_wconf 88' lang='lat' dir='ltr'>incidit,</span> <span class='ocrx_word' id='word_1_74' title='bbox 270 1257 433 1322; x_wconf 90' lang='lat' dir='ltr'>admonitu</span> <span class='ocrx_word' id='word_1_75' title='bbox 449 1257 530 1323; x_wconf 90' lang='lat' dir='ltr'>liber</span> <span class='ocrx_word' id='word_1_76' title='bbox 547 1258 672 1323; x_wconf 88' lang='lat' dir='ltr'>aberrat</span> <span class='ocrx_word' id='word_1_77' title='bbox 689 1279 787 1322; x_wconf 90' lang='lat' dir='ltr'>amor.</span> 
     </span>
    </p>

    <p class='ocr_par' dir='ltr' id='par_1_8' title="bbox 86 1341 937 1494">
     <span class='ocr_line' id='line_1_13' title="bbox 86 1341 937 1409; baseline 0.004 -3"><span class='ocrx_word' id='word_1_78' title='bbox 86 1341 167 1406; x_wconf 84' lang='lat' dir='ltr'>forte</span> <span class='ocrx_word' id='word_1_79' title='bbox 185 1343 313 1406; x_wconf 89' lang='lat' dir='ltr'>aderam</span> <span class='ocrx_word' id='word_1_80' title='bbox 330 1343 446 1408; x_wconf 93' lang='lat' dir='ltr'>iuveni.</span> <span class='ocrx_word' id='word_1_81' title='bbox 491 1343 653 1408; x_wconf 88' lang='lat' dir='ltr'>dominam</span> <span class='ocrx_word' id='word_1_82' title='bbox 668 1343 780 1409; x_wconf 86' lang='lat' dir='ltr'>lectica</span> <span class='ocrx_word' id='word_1_83' title='bbox 796 1343 937 1409; x_wconf 79' lang='lat' dir='ltr'>tenebatt</span> 
     </span>
     <span class='ocr_line' id='line_1_14' title="bbox 129 1426 776 1494; baseline 0.003 -4"><span class='ocrx_word' id='word_1_84' title='bbox 129 1426 299 1492; x_wconf 87' lang='lat' dir='ltr'>horrebant</span> <span class='ocrx_word' id='word_1_85' title='bbox 317 1428 418 1493; x_wconf 88' lang='lat' dir='ltr'>saevis</span> <span class='ocrx_word' id='word_1_86' title='bbox 435 1429 542 1493; x_wconf 90' lang='lat' dir='ltr'>omnia</span> <span class='ocrx_word' id='word_1_87' title='bbox 559 1429 657 1494; x_wconf 88' lang='lat' dir='ltr'>verba</span> <span class='ocrx_word' id='word_1_88' title='bbox 674 1429 776 1492; x_wconf 87' lang='lat' dir='ltr'>minis.</span> 
     </span>
    </p>

    <p class='ocr_par' dir='ltr' id='par_1_9' title="bbox 86 1513 841 1685">
     <span class='ocr_line' id='line_1_15' title="bbox 86 1513 841 1601; baseline 0.003 -25"><span class='ocrx_word' id='word_1_89' title='bbox 86 1513 212 1597; x_wconf 86' lang='lat' dir='ltr'>iamque</span> <span class='ocrx_word' id='word_1_90' title='bbox 231 1513 402 1578; x_wconf 80' lang='lat' dir='ltr'>vadaturus</span> <span class='ocrx_word' id='word_1_91' title='bbox 421 1514 547 1580; x_wconf 88' lang='lat' dir='ltr'>‘lectica</span> <span class='ocrx_word' id='word_1_92' title='bbox 563 1514 711 1601; x_wconf 87' lang='lat' dir='ltr'>prodeat&#39;</span> <span class='ocrx_word' id='word_1_93' title='bbox 729 1514 841 1598; x_wconf 85' lang='lat' dir='ltr'>inquit.</span> 
     </span>
     <span class='ocr_line' id='line_1_16' title="bbox 128 1598 780 1685; baseline 0.002 -23"><span class='ocrx_word' id='word_1_94' title='bbox 128 1598 297 1683; x_wconf 85' lang='lat' dir='ltr'>prodierat.</span> <span class='ocrx_word' id='word_1_95' title='bbox 341 1599 411 1664; x_wconf 85' lang='lat' dir='ltr'>visa</span> <span class='ocrx_word' id='word_1_96' title='bbox 428 1600 563 1685; x_wconf 86' lang='lat' dir='ltr'>coniuge</span> <span class='ocrx_word' id='word_1_97' title='bbox 579 1611 686 1665; x_wconf 93' lang='lat' dir='ltr'>mutus</span> <span class='ocrx_word' id='word_1_98' title='bbox 704 1612 780 1666; x_wconf 86' lang='lat' dir='ltr'>erat.</span> 
     </span>
    </p>

    <p class='ocr_par' dir='ltr' id='par_1_10' title="bbox 87 1685 945 1856">
     <span class='ocr_line' id='line_1_17' title="bbox 87 1685 945 1771; baseline 0.002 -21"><span class='ocrx_word' id='word_1_99' title='bbox 87 1694 119 1750; x_wconf 91' lang='lat' dir='ltr'>et</span> <span class='ocrx_word' id='word_1_100' title='bbox 136 1707 249 1749; x_wconf 86' lang='lat' dir='ltr'>manus</span> <span class='ocrx_word' id='word_1_101' title='bbox 267 1696 298 1750; x_wconf 90' lang='lat' dir='ltr'>et</span> <span class='ocrx_word' id='word_1_102' title='bbox 316 1685 463 1750; x_wconf 86' lang='lat' dir='ltr'>manibus</span> <span class='ocrx_word' id='word_1_103' title='bbox 481 1686 622 1771; x_wconf 80' lang='lat' dir='ltr'>duplices</span> <span class='ocrx_word' id='word_1_104' title='bbox 640 1686 783 1752; x_wconf 87' lang='lat' dir='ltr'>cecidere</span> <span class='ocrx_word' id='word_1_105' title='bbox 800 1685 945 1762; x_wconf 88' lang='lat' dir='ltr'>tabellae,</span> 
     </span>
     <span class='ocr_line' id='line_1_18' title="bbox 129 1770 840 1856; baseline 0.003 -22"><span class='ocrx_word' id='word_1_106' title='bbox 129 1770 215 1836; x_wconf 89' lang='lat' dir='ltr'>venit</span> <span class='ocrx_word' id='word_1_107' title='bbox 232 1771 265 1835; x_wconf 94' lang='lat' dir='ltr'>in</span> <span class='ocrx_word' id='word_1_108' title='bbox 282 1771 447 1856; x_wconf 88' lang='lat' dir='ltr'>amplexus</span> <span class='ocrx_word' id='word_1_109' title='bbox 465 1783 560 1856; x_wconf 88' lang='lat' dir='ltr'>atque</span> <span class='ocrx_word' id='word_1_110' title='bbox 577 1773 623 1837; x_wconf 89' lang='lat' dir='ltr'>ita</span> <span class='ocrx_word' id='word_1_111' title='bbox 640 1772 768 1837; x_wconf 90' lang='lat' dir='ltr'>‘vineis&#39;</span> <span class='ocrx_word' id='word_1_112' title='bbox 788 1772 840 1837; x_wconf 86' lang='lat' dir='ltr'>ait.</span> 
     </span>
    </p>

    <p class='ocr_par' dir='ltr' id='par_1_11' title="bbox 86 1856 850 2029">
     <span class='ocr_line' id='line_1_19' title="bbox 86 1856 850 1944; baseline 0.005 -25"><span class='ocrx_word' id='word_1_113' title='bbox 86 1856 183 1920; x_wconf 89' lang='lat' dir='ltr'>tutius</span> <span class='ocrx_word' id='word_1_114' title='bbox 201 1867 248 1921; x_wconf 90' lang='lat' dir='ltr'>est</span> <span class='ocrx_word' id='word_1_115' title='bbox 266 1868 439 1942; x_wconf 85' lang='lat' dir='ltr'>aptumque</span> <span class='ocrx_word' id='word_1_116' title='bbox 457 1858 575 1944; x_wconf 84' lang='lat' dir='ltr'>magis,</span> <span class='ocrx_word' id='word_1_117' title='bbox 593 1857 754 1923; x_wconf 84' lang='lat' dir='ltr'>discedere</span> <span class='ocrx_word' id='word_1_118' title='bbox 772 1879 850 1943; x_wconf 89' lang='lat' dir='ltr'>paee</span> 
     </span>
     <span class='ocr_line' id='line_1_20' title="bbox 128 1942 760 2029; baseline 0.003 -24"><span class='ocrx_word' id='word_1_119' title='bbox 128 1963 187 2007; x_wconf 93' lang='lat' dir='ltr'>nec</span> <span class='ocrx_word' id='word_1_120' title='bbox 204 1952 310 2027; x_wconf 90' lang='lat' dir='ltr'>petere</span> <span class='ocrx_word' id='word_1_121' title='bbox 329 1966 348 2006; x_wconf 90' lang='lat' dir='ltr'>a</span> <span class='ocrx_word' id='word_1_122' title='bbox 365 1943 511 2007; x_wconf 86' lang='lat' dir='ltr'>thalamis</span> <span class='ocrx_word' id='word_1_123' title='bbox 528 1943 665 2029; x_wconf 86' lang='lat' dir='ltr'>litigiosa</span> <span class='ocrx_word' id='word_1_124' title='bbox 681 1942 760 2008; x_wconf 83' lang='lat' dir='ltr'>fora.</span> 
     </span>
    </p>

    <p class='ocr_par' dir='ltr' id='par_1_12' title="bbox 86 2028 927 2201">
     <span class='ocr_line' id='line_1_21' title="bbox 86 2028 927 2110; baseline 0.002 -19"><span class='ocrx_word' id='word_1_125' title='bbox 86 2050 218 2093; x_wconf 87' lang='lat' dir='ltr'>munera</span> <span class='ocrx_word' id='word_1_126' title='bbox 235 2048 317 2110; x_wconf 89' lang='lat' dir='ltr'>quae</span> <span class='ocrx_word' id='word_1_127' title='bbox 334 2028 482 2105; x_wconf 86' lang='lat' dir='ltr'>dederas,</span> <span class='ocrx_word' id='word_1_128' title='bbox 501 2029 617 2095; x_wconf 86' lang='lat' dir='ltr'>habeat</span> <span class='ocrx_word' id='word_1_129' title='bbox 634 2029 701 2094; x_wconf 87' lang='lat' dir='ltr'>siue</span> <span class='ocrx_word' id='word_1_130' title='bbox 718 2029 787 2106; x_wconf 91' lang='lat' dir='ltr'>lite,</span> <span class='ocrx_word' id='word_1_131' title='bbox 805 2029 927 2094; x_wconf 85' lang='lat' dir='ltr'>iubeto:</span> 
     </span>
     <span class='ocr_line' id='line_1_22' title="bbox 129 2114 896 2201; baseline 0 -23"><span class='ocrx_word' id='word_1_132' title='bbox 129 2135 198 2178; x_wconf 89' lang='lat' dir='ltr'>esse</span> <span class='ocrx_word' id='word_1_133' title='bbox 216 2114 317 2179; x_wconf 91' lang='lat' dir='ltr'>solent</span> <span class='ocrx_word' id='word_1_134' title='bbox 334 2137 450 2201; x_wconf 85' lang='lat' dir='ltr'>magno</span> <span class='ocrx_word' id='word_1_135' title='bbox 469 2114 585 2180; x_wconf 85' lang='lat' dir='ltr'>damna</span> <span class='ocrx_word' id='word_1_136' title='bbox 601 2114 724 2180; x_wconf 86' lang='lat' dir='ltr'>minora</span> <span class='ocrx_word' id='word_1_137' title='bbox 741 2115 835 2180; x_wconf 84' lang='lat' dir='ltr'>bono.</span> <span class='ocrx_word' id='word_1_138' title='bbox 852 2151 896 2163; x_wconf 89' lang='lat'><em>-</em></span> 
     </span>
    </p>

    <p class='ocr_par' dir='ltr' id='par_1_13' title="bbox 86 2198 919 2369">
     <span class='ocr_line' id='line_1_23' title="bbox 86 2198 865 2283; baseline 0.001 -20"><span class='ocrx_word' id='word_1_139' title='bbox 86 2198 201 2283; x_wconf 89' lang='lat' dir='ltr'>quodsi</span> <span class='ocrx_word' id='word_1_140' title='bbox 217 2221 274 2263; x_wconf 90' lang='lat' dir='ltr'>vos</span> <span class='ocrx_word' id='word_1_141' title='bbox 293 2199 405 2283; x_wconf 88' lang='lat' dir='ltr'>aliquis</span> <span class='ocrx_word' id='word_1_142' title='bbox 423 2221 515 2264; x_wconf 89' lang='lat' dir='ltr'>casus</span> <span class='ocrx_word' id='word_1_143' title='bbox 533 2201 688 2267; x_wconf 87' lang='lat' dir='ltr'>conducet</span> <span class='ocrx_word' id='word_1_144' title='bbox 704 2201 738 2264; x_wconf 91' lang='lat' dir='ltr'>in</span> <span class='ocrx_word' id='word_1_145' title='bbox 754 2223 865 2277; x_wconf 90' lang='lat' dir='ltr'>unum,</span> 
     </span>
     <span class='ocr_line' id='line_1_24' title="bbox 128 2287 919 2369; baseline 0.003 -21"><span class='ocrx_word' id='word_1_146' title='bbox 128 2295 232 2349; x_wconf 90' lang='lat' dir='ltr'>mente</span> <span class='ocrx_word' id='word_1_147' title='bbox 249 2306 370 2350; x_wconf 90' lang='lat' dir='ltr'>memor</span> <span class='ocrx_word' id='word_1_148' title='bbox 387 2296 467 2363; x_wconf 85' lang='lat' dir='ltr'>tota,</span> <span class='ocrx_word' id='word_1_149' title='bbox 485 2307 567 2369; x_wconf 86' lang='lat' dir='ltr'>quae</span> <span class='ocrx_word' id='word_1_150' title='bbox 586 2287 699 2350; x_wconf 89' lang='lat' dir='ltr'>damus</span> <span class='ocrx_word' id='word_1_151' title='bbox 716 2308 819 2363; x_wconf 86' lang='lat' dir='ltr'>arma,</span> <span class='ocrx_word' id='word_1_152' title='bbox 837 2297 919 2350; x_wconf 87' lang='lat' dir='ltr'>tene.</span> 
     </span>
    </p>

    <p class='ocr_par' dir='ltr' id='par_1_14' title="bbox 85 2370 922 2522">
     <span class='ocr_line' id='line_1_25' title="bbox 85 2370 922 2457; baseline 0.001 -24"><span class='ocrx_word' id='word_1_153' title='bbox 85 2392 170 2435; x_wconf 91' lang='lat' dir='ltr'>nunc</span> <span class='ocrx_word' id='word_1_154' title='bbox 187 2391 268 2455; x_wconf 93' lang='lat' dir='ltr'>opus</span> <span class='ocrx_word' id='word_1_155' title='bbox 286 2382 333 2436; x_wconf 86' lang='lat' dir='ltr'>est</span> <span class='ocrx_word' id='word_1_156' title='bbox 350 2371 460 2448; x_wconf 86' lang='lat' dir='ltr'>armis3</span> <span class='ocrx_word' id='word_1_157' title='bbox 478 2371 544 2448; x_wconf 91' lang='lat' dir='ltr'>hic,</span> <span class='ocrx_word' id='word_1_158' title='bbox 562 2394 582 2436; x_wconf 93' lang='lat' dir='ltr'>o</span> <span class='ocrx_word' id='word_1_159' title='bbox 599 2370 782 2448; x_wconf 83' lang='lat' dir='ltr'>fortissime,</span> <span class='ocrx_word' id='word_1_160' title='bbox 799 2393 922 2457; x_wconf 82' lang='lat' dir='ltr'>pugna:</span> 
     </span>
     <span class='ocr_line' id='line_1_26' title="bbox 128 2456 732 2522; baseline 0.002 -2"><span class='ocrx_word' id='word_1_161' title='bbox 128 2456 283 2521; x_wconf 88' lang='lat' dir='ltr'>vincenda</span> <span class='ocrx_word' id='word_1_162' title='bbox 300 2467 349 2521; x_wconf 89' lang='lat' dir='ltr'>est</span> <span class='ocrx_word' id='word_1_163' title='bbox 365 2458 429 2521; x_wconf 91' lang='lat' dir='ltr'>telo</span> <span class='ocrx_word' id='word_1_164' title='bbox 445 2456 650 2522; x_wconf 85' lang='lat' dir='ltr'>Penthesilea</span> <span class='ocrx_word' id='word_1_165' title='bbox 666 2468 732 2521; x_wconf 89' lang='lat' dir='ltr'>tuo.</span> 
     </span>
    </p>

    <p class='ocr_par' dir='ltr' id='par_1_15' title="bbox 84 2541 877 2693">
     <span class='ocr_line' id='line_1_27' title="bbox 84 2541 877 2619; baseline -0.001 -12"><span class='ocrx_word' id='word_1_166' title='bbox 84 2564 170 2607; x_wconf 90' lang='lat' dir='ltr'>nunc</span> <span class='ocrx_word' id='word_1_167' title='bbox 187 2541 245 2606; x_wconf 90' lang='lat' dir='ltr'>tibi</span> <span class='ocrx_word' id='word_1_168' title='bbox 262 2541 383 2619; x_wconf 89' lang='lat' dir='ltr'>rivalis,</span> <span class='ocrx_word' id='word_1_169' title='bbox 400 2564 486 2607; x_wconf 92' lang='lat' dir='ltr'>nunc</span> <span class='ocrx_word' id='word_1_170' title='bbox 504 2543 619 2607; x_wconf 89' lang='lat' dir='ltr'>durum</span> <span class='ocrx_word' id='word_1_171' title='bbox 636 2543 732 2607; x_wconf 92' lang='lat' dir='ltr'>limen</span> <span class='ocrx_word' id='word_1_172' title='bbox 750 2541 877 2619; x_wconf 85' lang='lat' dir='ltr'>amanti,</span> 
     </span>
     <span class='ocr_line' id='line_1_28' title="bbox 128 2627 816 2693; baseline -0.003 -1"><span class='ocrx_word' id='word_1_173' title='bbox 128 2649 213 2693; x_wconf 90' lang='lat' dir='ltr'>nunc</span> <span class='ocrx_word' id='word_1_174' title='bbox 231 2627 366 2692; x_wconf 88' lang='lat' dir='ltr'>subeant</span> <span class='ocrx_word' id='word_1_175' title='bbox 382 2627 494 2693; x_wconf 91' lang='lat' dir='ltr'>mediis</span> <span class='ocrx_word' id='word_1_176' title='bbox 512 2628 606 2693; x_wconf 87' lang='lat' dir='ltr'>inrita</span> <span class='ocrx_word' id='word_1_177' title='bbox 623 2628 721 2693; x_wconf 88' lang='lat' dir='ltr'>verba</span> <span class='ocrx_word' id='word_1_178' title='bbox 739 2627 816 2692; x_wconf 88' lang='lat' dir='ltr'>deis.</span> 
     </span>
    </p>

    <p class='ocr_par' dir='ltr' id='par_1_16' title="bbox 84 2712 950 2884">
     <span class='ocr_line' id='line_1_29' title="bbox 84 2712 950 2799; baseline -0.003 -20"><span class='ocrx_word' id='word_1_179' title='bbox 84 2736 143 2779; x_wconf 90' lang='lat' dir='ltr'>nee</span> <span class='ocrx_word' id='word_1_180' title='bbox 162 2735 315 2799; x_wconf 90' lang='lat' dir='ltr'>compone</span> <span class='ocrx_word' id='word_1_181' title='bbox 334 2734 454 2791; x_wconf 87' lang='lat' dir='ltr'>comas,</span> <span class='ocrx_word' id='word_1_182' title='bbox 473 2713 548 2796; x_wconf 90' lang='lat' dir='ltr'>quia</span> <span class='ocrx_word' id='word_1_183' title='bbox 566 2714 608 2778; x_wconf 91' lang='lat' dir='ltr'>sis</span> <span class='ocrx_word' id='word_1_184' title='bbox 626 2724 777 2778; x_wconf 86' lang='lat' dir='ltr'>venturus</span> <span class='ocrx_word' id='word_1_185' title='bbox 795 2712 836 2777; x_wconf 92' lang='lat' dir='ltr'>ad</span> <span class='ocrx_word' id='word_1_186' title='bbox 853 2713 950 2788; x_wconf 87' lang='lat' dir='ltr'>illam,</span> 
     </span>
     <span class='ocr_line' id='line_1_30' title="bbox 127 2799 765 2884; baseline -0.003 -20"><span class='ocrx_word' id='word_1_187' title='bbox 127 2821 186 2864; x_wconf 91' lang='lat' dir='ltr'>nec</span> <span class='ocrx_word' id='word_1_188' title='bbox 204 2811 280 2884; x_wconf 86' lang='lat' dir='ltr'>toga</span> <span class='ocrx_word' id='word_1_189' title='bbox 297 2799 337 2863; x_wconf 88' lang='lat' dir='ltr'>sit</span> <span class='ocrx_word' id='word_1_190' title='bbox 354 2800 426 2864; x_wconf 87' lang='lat' dir='ltr'>laxo</span> <span class='ocrx_word' id='word_1_191' title='bbox 444 2799 666 2883; x_wconf 86' lang='lat' dir='ltr'>conspicienda</span> <span class='ocrx_word' id='word_1_192' title='bbox 684 2799 765 2863; x_wconf 91' lang='lat' dir='ltr'>sinu.</span> 
     </span>
    </p>

    <p class='ocr_par' dir='ltr' id='par_1_17' title="bbox 84 2884 827 3035">
     <span class='ocr_line' id='line_1_31' title="bbox 84 2884 827 2971; baseline -0.003 -22"><span class='ocrx_word' id='word_1_193' title='bbox 84 2886 171 2949; x_wconf 88' lang='lat' dir='ltr'>nulla</span> <span class='ocrx_word' id='word_1_194' title='bbox 188 2885 243 2961; x_wconf 89' lang='lat' dir='ltr'>sit,</span> <span class='ocrx_word' id='word_1_195' title='bbox 260 2894 297 2948; x_wconf 92' lang='lat' dir='ltr'>ut</span> <span class='ocrx_word' id='word_1_196' title='bbox 313 2885 440 2971; x_wconf 87' lang='lat' dir='ltr'>placeas</span> <span class='ocrx_word' id='word_1_197' title='bbox 458 2884 579 2950; x_wconf 88' lang='lat' dir='ltr'>alienae</span> <span class='ocrx_word' id='word_1_198' title='bbox 597 2907 673 2950; x_wconf 88' lang='lat' dir='ltr'>cura</span> <span class='ocrx_word' id='word_1_199' title='bbox 689 2884 827 2969; x_wconf 88' lang='lat' dir='ltr'>puellae:</span> 
     </span>
     <span class='ocr_line' id='line_1_32' title="bbox 127 2969 819 3035; baseline 0.001 -2"><span class='ocrx_word' id='word_1_200' title='bbox 127 2971 191 3034; x_wconf 89' lang='lat' dir='ltr'>iam</span> <span class='ocrx_word' id='word_1_201' title='bbox 209 2969 304 3035; x_wconf 87' lang='lat' dir='ltr'>facito</span> <span class='ocrx_word' id='word_1_202' title='bbox 322 2993 340 3035; x_wconf 93' lang='lat' dir='ltr'>e</span> <span class='ocrx_word' id='word_1_203' title='bbox 357 2970 464 3035; x_wconf 88' lang='lat' dir='ltr'>multis</span> <span class='ocrx_word' id='word_1_204' title='bbox 481 2993 546 3034; x_wconf 88' lang='lat' dir='ltr'>una</span> <span class='ocrx_word' id='word_1_205' title='bbox 563 2971 603 3034; x_wconf 89' lang='lat' dir='ltr'>sit</span> <span class='ocrx_word' id='word_1_206' title='bbox 620 2971 674 3035; x_wconf 84' lang='lat' dir='ltr'>illa</span> <span class='ocrx_word' id='word_1_207' title='bbox 691 2970 758 3034; x_wconf 90' lang='lat' dir='ltr'>tibi.</span> <span class='ocrx_word' id='word_1_208' title='bbox 775 3005 819 3016; x_wconf 98' lang='lat'>—</span> 
     </span>
    </p>

    <p class='ocr_par' dir='ltr' id='par_1_18' title="bbox 86 3055 867 3227">
     <span class='ocr_line' id='line_1_33' title="bbox 86 3055 867 3141; baseline -0.001 -21"><span class='ocrx_word' id='word_1_209' title='bbox 86 3056 142 3120; x_wconf 88' lang='lat' dir='ltr'>sed</span> <span class='ocrx_word' id='word_1_210' title='bbox 159 3055 236 3139; x_wconf 92' lang='lat' dir='ltr'>quid</span> <span class='ocrx_word' id='word_1_211' title='bbox 254 3056 422 3141; x_wconf 84' lang='lat' dir='ltr'>praecipue</span> <span class='ocrx_word' id='word_1_212' title='bbox 439 3056 554 3121; x_wconf 89' lang='lat' dir='ltr'>nostris</span> <span class='ocrx_word' id='word_1_213' title='bbox 573 3056 736 3121; x_wconf 88' lang='lat' dir='ltr'>conatibus</span> <span class='ocrx_word' id='word_1_214' title='bbox 754 3055 867 3133; x_wconf 90' lang='lat' dir='ltr'>obstet,</span> 
     </span>
     <span class='ocr_line' id='line_1_34' title="bbox 129 3141 848 3227; baseline -0.001 -21"><span class='ocrx_word' id='word_1_215' title='bbox 129 3141 268 3224; x_wconf 86' lang='lat' dir='ltr'>eloquar,</span> <span class='ocrx_word' id='word_1_216' title='bbox 287 3142 432 3227; x_wconf 85' lang='lat' dir='ltr'>exemplo</span> <span class='ocrx_word' id='word_1_217' title='bbox 450 3164 608 3226; x_wconf 92' lang='lat' dir='ltr'>quemque</span> <span class='ocrx_word' id='word_1_218' title='bbox 627 3143 758 3207; x_wconf 85' lang='lat' dir='ltr'>docente</span> <span class='ocrx_word' id='word_1_219' title='bbox 777 3163 848 3206; x_wconf 89' lang='lat' dir='ltr'>suo:</span> 
     </span>
    </p>

    <p class='ocr_par' dir='ltr' id='par_1_19' title="bbox 86 3227 962 3398">
     <span class='ocr_line' id='line_1_35' title="bbox 86 3227 851 3314; baseline -0.001 -23"><span class='ocrx_word' id='word_1_220' title='bbox 86 3227 257 3292; x_wconf 91' lang='lat' dir='ltr'>desinimus</span> <span class='ocrx_word' id='word_1_221' title='bbox 274 3227 376 3304; x_wconf 89' lang='lat' dir='ltr'>tarde,</span> <span class='ocrx_word' id='word_1_222' title='bbox 395 3227 470 3312; x_wconf 90' lang='lat' dir='ltr'>quia</span> <span class='ocrx_word' id='word_1_223' title='bbox 486 3250 545 3292; x_wconf 91' lang='lat' dir='ltr'>nos</span> <span class='ocrx_word' id='word_1_224' title='bbox 562 3249 725 3314; x_wconf 84' lang='lat' dir='ltr'>speramus</span> <span class='ocrx_word' id='word_1_225' title='bbox 743 3227 851 3293; x_wconf 86' lang='lat' dir='ltr'>amari.</span> 
     </span>
     <span class='ocr_line' id='line_1_36' title="bbox 128 3311 962 3398; baseline 0.001 -23"><span class='ocrx_word' id='word_1_226' title='bbox 128 3312 204 3375; x_wconf 89' lang='lat' dir='ltr'>dum</span> <span class='ocrx_word' id='word_1_227' title='bbox 222 3311 282 3375; x_wconf 90' lang='lat' dir='ltr'>sibi</span> <span class='ocrx_word' id='word_1_228' title='bbox 299 3313 434 3396; x_wconf 90' lang='lat' dir='ltr'>quisque</span> <span class='ocrx_word' id='word_1_229' title='bbox 451 3314 568 3398; x_wconf 87' lang='lat' dir='ltr'>placet,</span> <span class='ocrx_word' id='word_1_230' title='bbox 588 3313 716 3378; x_wconf 88' lang='lat' dir='ltr'>credula</span> <span class='ocrx_word' id='word_1_231' title='bbox 733 3313 826 3378; x_wconf 87' lang='lat' dir='ltr'>turba</span> <span class='ocrx_word' id='word_1_232' title='bbox 843 3334 962 3378; x_wconf 83' lang='lat' dir='ltr'>sumus.</span> 
     </span>
    </p>

    <p class='ocr_par' dir='ltr' id='par_1_20' title="bbox 85 3398 843 3568">
     <span class='ocr_line' id='line_1_37' title="bbox 85 3398 843 3482; baseline 0 -20"><span class='ocrx_word' id='word_1_233' title='bbox 85 3411 118 3462; x_wconf 90' lang='lat' dir='ltr'>at</span> <span class='ocrx_word' id='word_1_234' title='bbox 135 3410 170 3462; x_wconf 91' lang='lat' dir='ltr'>tu</span> <span class='ocrx_word' id='word_1_235' title='bbox 187 3419 246 3462; x_wconf 90' lang='lat' dir='ltr'>nec</span> <span class='ocrx_word' id='word_1_236' title='bbox 264 3418 357 3462; x_wconf 89' lang='lat' dir='ltr'>voees</span> <span class='ocrx_word' id='word_1_237' title='bbox 375 3398 467 3481; x_wconf 73' lang='lat' dir='ltr'>(quid</span> <span class='ocrx_word' id='word_1_238' title='bbox 485 3399 569 3463; x_wconf 87' lang='lat' dir='ltr'>enirn</span> <span class='ocrx_word' id='word_1_239' title='bbox 586 3399 730 3464; x_wconf 89' lang='lat' dir='ltr'>fallacius</span> <span class='ocrx_word' id='word_1_240' title='bbox 747 3398 843 3482; x_wconf 76' lang='lat' dir='ltr'>illisi)</span> 
     </span>
     <span class='ocr_line' id='line_1_38' title="bbox 128 3482 841 3568; baseline 0.001 -22"><span class='ocrx_word' id='word_1_241' title='bbox 128 3482 221 3547; x_wconf 90' lang='lat' dir='ltr'>crede</span> <span class='ocrx_word' id='word_1_242' title='bbox 239 3504 298 3547; x_wconf 89' lang='lat' dir='ltr'>nee</span> <span class='ocrx_word' id='word_1_243' title='bbox 316 3497 459 3547; x_wconf 89' lang='lat' dir='ltr'>aeternos</span> <span class='ocrx_word' id='word_1_244' title='bbox 477 3483 602 3568; x_wconf 91' lang='lat' dir='ltr'>pondus</span> <span class='ocrx_word' id='word_1_245' title='bbox 619 3484 736 3549; x_wconf 84' lang='lat' dir='ltr'>habere</span> <span class='ocrx_word' id='word_1_246' title='bbox 755 3485 841 3548; x_wconf 89' lang='lat' dir='ltr'>deos.</span> 
     </span>
    </p>

    <p class='ocr_par' dir='ltr' id='par_1_21' title="bbox 84 3568 828 3728">
     <span class='ocr_line' id='line_1_39' title="bbox 84 3568 828 3646; baseline 0.001 -14"><span class='ocrx_word' id='word_1_247' title='bbox 84 3591 165 3633; x_wconf 87' lang='lat' dir='ltr'>neve</span> <span class='ocrx_word' id='word_1_248' title='bbox 205 3568 360 3632; x_wconf 88' lang='lat' dir='ltr'>uellarum</span> <span class='ocrx_word' id='word_1_249' title='bbox 377 3568 515 3633; x_wconf 87' lang='lat' dir='ltr'>lacrimis</span> <span class='ocrx_word' id='word_1_250' title='bbox 532 3590 689 3646; x_wconf 88' lang='lat' dir='ltr'>moveare,</span> <span class='ocrx_word' id='word_1_251' title='bbox 708 3580 828 3634; x_wconf 87' lang='lat' dir='ltr'>caveto.</span> 
     </span>
     <span class='ocr_line' id='line_1_40' title="bbox 127 3591 694 3728; baseline 0.002 -11"><span class='ocrx_word' id='word_1_252' title='bbox 127 3664 164 3718; x_wconf 92' lang='lat' dir='ltr'>ut</span> <span class='ocrx_word' id='word_1_253' title='bbox 181 3591 306 3728; x_wconf 71' lang='lat' dir='ltr'>dorent,</span> <span class='ocrx_word' id='word_1_254' title='bbox 324 3653 431 3717; x_wconf 89' lang='lat' dir='ltr'>oeulos</span> <span class='ocrx_word' id='word_1_255' title='bbox 449 3654 592 3718; x_wconf 89' lang='lat' dir='ltr'>erudiere</span> <span class='ocrx_word' id='word_1_256' title='bbox 610 3676 694 3719; x_wconf 91' lang='lat' dir='ltr'>suos.</span> 
     </span>
    </p>
   </div>
   <div class='ocr_carea' id='block_1_3' title="bbox 86 3738 969 4234">
    <p class='ocr_par' dir='ltr' id='par_1_22' title="bbox 86 3738 969 4234">
     <span class='ocr_line' id='line_1_41' title="bbox 86 3738 910 3826; baseline 0 -22"><span class='ocrx_word' id='word_1_257' title='bbox 86 3738 206 3804; x_wconf 88' lang='lat' dir='ltr'>artibus</span> <span class='ocrx_word' id='word_1_258' title='bbox 223 3739 395 3803; x_wconf 88' lang='lat' dir='ltr'>innumeris</span> <span class='ocrx_word' id='word_1_259' title='bbox 413 3760 501 3804; x_wconf 90' lang='lat' dir='ltr'>mens</span> <span class='ocrx_word' id='word_1_260' title='bbox 519 3750 721 3826; x_wconf 87' lang='lat' dir='ltr'>oppugnatur</span> <span class='ocrx_word' id='word_1_261' title='bbox 738 3750 910 3817; x_wconf 86' lang='lat' dir='ltr'>amantum,</span> 
     </span>
     <span class='ocr_line' id='line_1_42' title="bbox 128 3823 845 3912; baseline 0.001 -24"><span class='ocrx_word' id='word_1_262' title='bbox 128 3835 164 3889; x_wconf 89' lang='lat' dir='ltr'>ut</span> <span class='ocrx_word' id='word_1_263' title='bbox 180 3825 261 3910; x_wconf 91' lang='lat' dir='ltr'>lapis</span> <span class='ocrx_word' id='word_1_264' title='bbox 279 3823 443 3907; x_wconf 87' lang='lat' dir='ltr'>aequoreis</span> <span class='ocrx_word' id='word_1_265' title='bbox 460 3825 600 3908; x_wconf 90' lang='lat' dir='ltr'>undique</span> <span class='ocrx_word' id='word_1_266' title='bbox 617 3827 727 3912; x_wconf 91' lang='lat' dir='ltr'>pulsus</span> <span class='ocrx_word' id='word_1_267' title='bbox 745 3825 845 3909; x_wconf 84' lang='lat' dir='ltr'>aquis.</span> 
     </span>
     <span class='ocr_line' id='line_1_43' title="bbox 86 3910 785 3996; baseline 0 -21"><span class='ocrx_word' id='word_1_268' title='bbox 86 3932 145 3975; x_wconf 89' lang='lat' dir='ltr'>neo</span> <span class='ocrx_word' id='word_1_269' title='bbox 163 3932 276 3974; x_wconf 87' lang='lat' dir='ltr'>causas</span> <span class='ocrx_word' id='word_1_270' title='bbox 293 3910 394 3996; x_wconf 86' lang='lat' dir='ltr'>aperi,</span> <span class='ocrx_word' id='word_1_271' title='bbox 413 3932 510 3994; x_wconf 88' lang='lat' dir='ltr'>quare</span> <span class='ocrx_word' id='word_1_272' title='bbox 528 3911 662 3975; x_wconf 88' lang='lat' dir='ltr'>divortia</span> <span class='ocrx_word' id='word_1_273' title='bbox 679 3911 785 3975; x_wconf 87' lang='lat' dir='ltr'>malis:</span> 
     </span>
     <span class='ocr_line' id='line_1_44' title="bbox 129 3994 959 4082; baseline 0.004 -23"><span class='ocrx_word' id='word_1_274' title='bbox 129 4017 188 4062; x_wconf 91' lang='lat' dir='ltr'>neo</span> <span class='ocrx_word' id='word_1_275' title='bbox 206 3994 270 4071; x_wconf 92' lang='lat' dir='ltr'>dic,</span> <span class='ocrx_word' id='word_1_276' title='bbox 289 3995 365 4079; x_wconf 91' lang='lat' dir='ltr'>quid</span> <span class='ocrx_word' id='word_1_277' title='bbox 384 3995 490 4062; x_wconf 90' lang='lat' dir='ltr'>doleas</span> <span class='ocrx_word' id='word_1_278' title='bbox 507 3997 604 4080; x_wconf 77' lang='lat' dir='ltr'>(clam</span> <span class='ocrx_word' id='word_1_279' title='bbox 621 4008 727 4062; x_wconf 89' lang='lat' dir='ltr'>tamen</span> <span class='ocrx_word' id='word_1_280' title='bbox 744 4018 845 4080; x_wconf 93' lang='lat' dir='ltr'>usque</span> <span class='ocrx_word' id='word_1_281' title='bbox 863 3996 959 4082; x_wconf 90' lang='lat' dir='ltr'>dole),</span> 
     </span>
     <span class='ocr_line' id='line_1_45' title="bbox 86 4080 858 4171; baseline 0.004 -27"><span class='ocrx_word' id='word_1_282' title='bbox 86 4102 145 4144; x_wconf 89' lang='lat' dir='ltr'>nec</span> <span class='ocrx_word' id='word_1_283' title='bbox 163 4080 460 4166; x_wconf 61' lang='lat' dir='ltr'>peccatoremque</span> <span class='ocrx_word' id='word_1_284' title='bbox 478 4082 587 4148; x_wconf 86' lang='lat' dir='ltr'>diluat.</span> <span class='ocrx_word' id='word_1_285' title='bbox 631 4082 858 4171; x_wconf 72' lang='lat' dir='ltr'>ipse&#39;lauebis,</span> 
     </span>
     <span class='ocr_line' id='line_1_46' title="bbox 912 4177 969 4234; baseline -0.035 0"><span class='ocrx_word' id='word_1_286' title='bbox 912 4177 969 4234; x_wconf 57' lang='lat' dir='ltr'>ue·</span> 
     </span>
    </p>
   </div>
   <div class='ocr_carea' id='block_1_4' title="bbox 0 0 1306 4974">
    <p class='ocr_par' dir='ltr' id='par_1_23' title="bbox 0 0 1306 4974">
     <span class='ocr_line' id='line_1_47' title="bbox 0 0 1306 4974; baseline 0 0"><span class='ocrx_word' id='word_1_287' title='bbox 0 0 1306 4974; x_wconf 95' lang='lat' dir='ltr'> </span> 
     </span>
    </p>
   </div>
  </div>
 </body>
</html>
