2604 4974
231 281 439 341 HEROIDUM
454 281 537 337 XIII.
554 279 698 337 156-164.
717 278 797 336 XIV.
815 278 908 336 1-77.
1041 271 1084 339 49

102 428 317 492 securumque
334 406 425 490 quies
443 405 507 470 alta
524 426 581 490 per
598 404 706 490 Argos
724 414 805 470 erat:

61 493 181 559 circum
198 516 251 559 me
268 493 405 580 gemitus
423 490 612 556 morientum
629 490 739 555 audire
757 490 889 554 videbar
904 525 948 537 —-
1101 506 1133 556 35

102 592 135 644 et
152 591 262 644 tamen
279 579 443 655 audibam,
462 578 610 662 quodque
628 577 770 653 verebar,
789 587 866 641 erat.

61 665 192 751 sanguis
211 665 290 740 abit,
309 675 510 745 mentemque
529 662 615 727 calor
632 683 809 747 corpusque
827 661 986 746 relinquit,

101 749 200 833 inque
219 771 302 814 novo
320 749 404 813 iacui
420 747 538 833 frigida
554 747 640 812 facta
656 758 735 813 toro.

60 848 96 899 ut
111 834 178 900 leni
194 835 335 921 zephyro
352 835 487 920 graciles
506 833 670 897 vibrantur
687 834 811 909 aristae,

101 920 222 1021 frigida
238 922 392 1007 populeas
409 932 446 984 ut
462 919 564 1003 quatit
582 942 659 983 aura
677 941 794 996 comas,

62 1020 115 1071 aut
131 1028 179 1071 sio
197 1020 253 1071 aut
270 1007 366 1072 etiam
383 1005 498 1071 tremui
513 1005 626 1090 magis.
669 1004 737 1090 ipse
754 1005 891 1082 incohes,

101 1113 251 1175 quaeque
268 1092 326 1157 tibi
343 1092 491 1157 dederam
510 1092 598 1167 vina,
616 1089 737 1175 soporis
756 1102 854 1155 erant.

63 1199 229 1243 excussere
247 1189 367 1243 metum
385 1177 514 1242 violenti
531 1177 618 1241 iussa
635 1176 789 1260 parentis:

103 1262 210 1351 erigor
227 1275 259 1328 et
276 1264 367 1349 capio
385 1263 448 1329 tela
465 1273 618 1327 tremente
635 1285 744 1325 manu.

64 1370 126 1414 non
144 1370 207 1435 ego
224 1347 306 1414 falsa
323 1350 445 1433 loquar.
489 1359 536 1414 ter
553 1358 683 1412 acutum
701 1347 828 1412 sustulit
846 1370 963 1423 ensem,

103 1445 153 1499 ter
170 1433 254 1500 male
272 1435 397 1499 sublato
415 1434 532 1500 decidit
550 1457 625 1500 ense
642 1456 765 1499 manus.

65 1519 190 1583 admovi
207 1519 317 1621 iugulo
334 1518 417 1604 (sine
434 1543 486 1585 me
503 1520 560 1584 tibi
578 1542 654 1584 vera
670 1518 779 1604 fateri)

16 1638 21 1645 ·
102 1605 233 1671 admovi
249 1606 359 1693 iugulo
377 1606 440 1671 tela
457 1617 589 1691 patema
607 1617 677 1669 tuo:

22 1716 26 1725 ·
65 1691 118 1757 sed
134 1690 232 1756 timor
249 1703 280 1756 et
298 1693 399 1778 pietas
417 1692 598 1757 crudelibus
616 1691 736 1756 obstitit
753 1690 848 1768 ausis,

103 1788 257 1862 castaque
273 1778 459 1844 mandatum
477 1777 588 1842 dextra
604 1776 724 1862 refugit
741 1799 831 1862 opus.

64 1884 239 1949 purpureos
256 1863 373 1928 laniata
389 1862 491 1941 sinus,
508 1862 626 1928 laniata
644 1863 774 1947 capillos

19 1946 24 1959 '
103 1949 223 2034 exiguo
241 1948 307 2013 dixi
324 1948 399 2015 talia
416 1948 514 2014 verba
531 1971 610 2014 sono

19 2044 22 2081 ³
63 2040 207 2111 ‘saevus,
223 2034 467 2119 Hypermestra,
485 2045 576 2121 pater
592 2043 641 2101 est
657 2034 727 2098 tibi:
746 2034 832 2099 iussa
849 2035 987 2120 parentis

19 2158 22 2171 =
104 2119 214 2185 effice:
231 2120 391 2205 germanis
409 2120 450 2185 sit
467 2142 572 2185 comes
590 2122 649 2186 iste
667 2119 746 2184 suisl
764 2156 808 2167 -

61 2204 181 2271 femina
198 2226 271 2270 sum
288 2216 320 2271 et
336 2206 385 2271 vir
409 2227 438 2283 0,
455 2217 570 2271 natura
586 2205 671 2271 mitis
688 2216 720 2270 et
737 2206 842 2270 annis:

13 2354 26 2367 ,,
102 2312 170 2357 non
186 2290 309 2356 faciunt
326 2228 436 2357 molles
454 2292 496 2355 ad
513 2292 582 2357 fera
598 2292 662 2358 tela
678 2315 801 2356 manus.
819 2329 862 2339 —-

13 2408 21 2473 q
48 2376 139 2463 ¹quin
157 2399 233 2478 age,
252 2377 391 2461 dumque
407 2377 504 2455 iacet,
522 2378 613 2443 fortis
629 2377 753 2443 imitare
771 2400 908 2444 sorores:

13 2476 16 2493 '
103 2463 257 2529 credibile
274 2474 323 2528 est
339 2483 448 2529 caesos
466 2465 612 2528 omnibus
631 2487 700 2529 esse
718 2464 811 2529 viros.
829 2501 872 2511 —

60 2550 88 2615 si
104 2571 222 2615 manus
238 2549 318 2614 haec
336 2549 474 2634 aliquam
490 2561 598 2635 posset
615 2549 810 2615 committere
828 2550 969 2628 caedem,

102 2646 206 2699 morte
223 2634 306 2700 foret
324 2634 469 2700 dominae
487 2637 732 2722 sanguinulenta
749 2658 834 2702 suae.
851 2672 896 2684 -

60 2732 93 2787 at
111 2742 259 2785 meruere
274 2742 385 2786 necem
402 2722 558 2805 patruelia
574 2745 674 2807 regna
691 2723 836 2786 tenendo.
854 2757 898 2768 —

103 2827 188 2891 quae
206 2817 313 2871 tamen
330 2806 467 2871 externis
486 2806 591 2871 danda
607 2809 712 2872 forent
728 2807 868 2892 generis!
886 2842 928 2855 —

60 2892 148 2979 finge
166 2891 251 2955 viros
268 2891 420 2956 meruisse
437 2891 532 2957 rnori:
551 2893 627 2975 quid
644 2892 778 2958 fecimus
795 2893 902 2979 ipsae?

104 2998 172 3061 quo
188 2976 267 3041 mihi
284 2977 451 3042 commisso
469 2979 623 3043 nonlicet
640 3001 709 3043 esse
748 2978 816 3043 iae?
832 3014 877 3026 —-

60 3062 140 3147 quid
157 3061 236 3126 mihi
253 3086 326 3127 cum
343 3062 447 3128 ferro?
473 3063 550 3147 quid
567 3064 681 3129 bellica
697 3001 760 3128 tela
777 3065 921 3150 puellae?
1101 3087 1133 3136 65

104 3147 210 3233 aptior
227 3158 275 3213 est
292 3148 399 3235 digitis
416 3149 490 3213 lana
508 3149 659 3232 colusque
676 3150 775 3215 meis’

60 3232 142 3297 lraec
160 3254 231 3319 ego·
266 3233 406 3318 dumque
424 3256 549 3319 queror,
567 3235 715 3301 lacrimae
732 3258 791 3299 sua
808 3236 906 3300 verba
923 3250 1098 3320 sequuntur

104 3317 210 3401 deque
227 3319 305 3385 meis
323 3320 422 3384 oculis
439 3320 473 3384 in
490 3333 546 3384 tua
562 3320 706 3385 membra
723 3321 849 3385 cadunt

61 3402 140 3469 dum
157 3403 239 3489 petis
257 3405 421 3490 amplexus
440 3406 605 3490 sopitaque
621 3405 770 3471 bracchia
786 3407 895 3484 iactas,

102 3510 207 3575 paene
224 3512 337 3554 manus
355 3491 418 3555 telo
437 3491 545 3556 saucia
562 3490 647 3555 facta
664 3502 719 3556 tua
737 3501 793 3556 est.
1101 3516 1133 3566 πο

60 3574 190 3658 iamque
208 3586 329 3660 patrem
347 3575 545 3661 famulosque
563 3577 661 3663 patris
677 3577 844 3662 lucemque
862 3578 1023 3645 timebam.

103 3658 295 3746 expulerunt
313 3681 439 3726 somnos
456 3661 536 3727 haec
553 3685 625 3726 mea
642 3662 727 3727 dicta
743 3674 814 3727 tuos

60 3752 174 3831 ‘surge
234 3767 266 3823 e,
285 3746 412 3823 Belide,
430 3748 469 3812 de
487 3759 534 3812 tot
550 3748 645 3812 modo
662 3748 813 3814 iratribus
831 3749 929 3815 unusl

102 3852 170 3896 nox
187 3768 260 3907 ddi,
277 3831 311 3896 ni
326 3854 492 3933 properas,
509 3832 570 3932 ista
587 3835 734 3920 perennis
752 3835 832 3901 erit!

60 3916 366 4018 territusnemurgra
384 3917 468 4002 fugit
485 3940 587 3982 omn1s
605 3919 718 3985 inertia
736 3921 847 3997 somni,

103 4023 221 4087 aspicis
238 4025 272 4065 1n
289 4002 399 4067 timida
415 4003 509 4067 fortia
526 4004 589 4068 tela
606 4028 713 4069 manu.

60 4086 228 4175 quaerenti
244 4108 373 4155 causam
391 4089 482 4154 ‘dum
498 4111 563 4154 nox
580 4090 670 4168 sinit,
688 4088 808 4179 effuge’
827 4089 909 4157 dixi:

113 4186 248 4243 maner
912 4192 931 4254 q
