2604 4974
286 238 863 311 AMORUMLIB.111.IX,43-x1,a
1023 221 1085 288 133

110 377 140 431 et
157 365 238 429 bene
256 364 418 430 tormentis
437 364 644 448 secubituque
662 363 741 426 coli?

66 473 125 515 nec
143 461 249 514 tamen
266 460 328 526 est,
347 450 491 532 quamvis
509 471 602 536 agros
621 461 704 512 amet
721 448 775 510 illa
792 446 923 522 feraces,

109 536 242 612 rustica,
259 557 318 599 nec
335 535 467 598 viduum
484 547 595 620 pectus
613 534 727 598 amoris
745 532 850 596 habet.

69 617 182 685 Cretes
201 632 292 685 erunt
310 631 465 684 testes-
480 642 540 684 nec
556 620 682 705 fingunt
698 618 805 682 emnia
823 614 933 682 Cretes
951 653 994 665 -

112 703 223 791 [Crete
240 705 358 769 nutrito
376 717 459 769 terra
477 706 614 790 superba
631 705 717 769 Iove.

67 791 144 866 illic,
163 791 317 855 sideream
333 791 443 853 mundi
461 791 515 873 qui
533 800 687 875 temperat
705 811 819 866 arcem,

111 876 245 960 exiguus
263 888 370 940 tenero
388 877 438 939 lac
455 876 535 939 bibit
552 898 605 940 ore
623 896 710 961 puer.

67 984 185 1060 magna
202 961 280 1025 fides
299 961 384 1025 testi:
404 961 492 1024 testis
509 962 658 1025 laudatur
675 957 827 1045 alumna]

111 1050 267 1110 tassuram
286 1043 435 1110 Cererem
454 1046 584 1110 crimina
601 1055 709 1110 nostra
725 1056 812 1131 pute.
882 1065 885 1070 ·

68 1131 190 1196 viderat
208 1131 329 1195 Iasium
347 1129 483 1196 Cretaea
500 1131 573 1196 diva
590 1132 651 1195 sub
667 1131 728 1194 Ida

112 1217 262 1301 figentem
280 1226 365 1281 certa
382 1228 472 1300 terga
489 1217 591 1282 ferina
608 1239 714 1281 manu.

68 1301 161 1378 vidit,
180 1314 212 1366 et
228 1313 264 1365 ut
281 1312 407 1366 tenerae
425 1303 585 1366 flammam
601 1323 734 1386 rapuere
751 1300 919 1377 medullae,

112 1387 186 1451 hinc
203 1387 315 1472 pudor,
333 1409 373 1451 ex
390 1387 444 1450 illa
461 1398 551 1472 parte
568 1387 713 1451 trahebat
731 1408 827 1450 amor.

69 1473 171 1536 victus
190 1495 296 1536 amore
313 1473 424 1556 pudor.
469 1473 572 1536 sulcos
591 1494 678 1537 arere
696 1472 829 1548 videres,

113 1570 143 1622 et
161 1568 231 1621 sata
248 1579 320 1622 cum
338 1557 468 1621 minima
485 1569 574 1642 parte
591 1557 693 1622 redire
710 1558 769 1621 sui.

70 1665 142 1706 cum
162 1644 242 1708 bene
259 1642 367 1707 iactati
384 1643 547 1727 pulsarant
563 1666 640 1707 arva
656 1643 788 1728 ligones,

111 1739 241 1814 ruperat
258 1740 289 1792 et
307 1728 418 1792 duram
436 1749 544 1792 vomer
562 1729 704 1792 aduncus
721 1728 864 1801 humum,

71 1814 253 1896 senu'naque
270 1813 302 1876 in
320 1815 400 1878 latos
417 1813 518 1877 ierant
535 1814 708 1896 aequaliter
725 1834 828 1898 agros,

112 1899 206 1962 inrita
224 1899 347 1984 decepti
364 1909 438 1962 vota
456 1899 585 1963 colentis
603 1909 700 1963 erant.

71 1984 145 2050 ‹liva
161 1994 273 2068 potens
291 1984 419 2069 frugum
438 1985 524 2048 silvis
543 1985 686 2049 cessabat
702 1984 735 2048 in
753 1983 837 2048 altis:

114 2069 295 2134 deciderant
311 2069 426 2154 longae
444 2070 550 2154 spicea
568 2080 651 2135 serta
668 2090 787 2134 comae.

72 2156 139 2219 sola
156 2154 217 2218 fuit
235 2151 330 2218 Crete
348 2154 484 2219 fecundo
502 2155 613 2220 fertilis
630 2177 728 2219 anno:

114 2240 234 2315 omnia,
252 2260 316 2322 qua
332 2241 446 2304 tulerat
464 2263 497 2305 se
516 2240 589 2316 dea,
607 2241 718 2305 messis
736 2250 813 2306 erat.

72 2325 138 2411 ipse
155 2325 244 2389 locus
261 2346 427 2390 nemorum
445 2325 578 2390 canebat
595 2326 742 2410 frugibus
760 2326 828 2403 Ide,

113 2421 145 2474 et
162 2411 250 2475 ferus
267 2410 300 2473 in
318 2410 397 2474 silva
414 2411 499 2475 farra
516 2411 655 2476 metebat
673 2432 758 2497 aper.

72 2496 192 2581 optavit
209 2495 317 2559 Minos
336 2495 453 2561 similes
471 2496 532 2560 sibi
549 2496 662 2582 legifer
679 2517 792 2560 annos:

115 2581 249 2665 optavit,
269 2578 393 2646 Cereris
411 2583 525 2665 longus
543 2592 580 2645 ut
597 2594 679 2646 esset
696 2602 793 2644 amor.

73 2666 159 2748 quod
177 2666 234 2729 tibi
251 2666 411 2730 secubitus
429 2667 546 2743 tristes,
565 2665 626 2731 dea
642 2666 739 2742 flava,
757 2665 901 2740 fuissent,

113 2751 175 2815 hoc
193 2773 289 2835 cogor
307 2752 403 2816 sacris
420 2773 506 2816 nunc
523 2772 584 2835 ego
601 2751 684 2816 ferre
701 2751 772 2815 tuis.

72 2858 129 2900 cur
146 2858 206 2922 ego
225 2837 284 2900 sim
302 2837 413 2913 tristis,
433 2858 505 2901 cum
523 2837 563 2900 sit
580 2837 637 2900 tibi
655 2847 730 2901 nata
746 2847 879 2921 reperta,

114 2943 277 3007 regnaque
295 2943 391 3004 quam
408 2923 490 2986 Iuno
508 2933 590 2986 sorte
608 2921 728 2987 minore
746 2921 854 3006 regat?

73 3007 155 3071 festa
172 3006 239 3070 dies
257 3007 478 3091 Veneremque
496 3019 589 3072 vocat
607 3019 781 3090 cantusque
799 3026 1000 3088 merumque:

116 3092 195 3157 baec
213 3092 302 3157 decet
321 3092 361 3157 ad
380 3092 522 3157 dominos
544 3115 675 3158 munera
693 3093 775 3158 ferre
794 3093 880 3156 deos.

552 3314 616 3380 XI.

73 3437 180 3502 Multa
197 3437 314 3520 diuque
331 3435 399 3500 tuli.
443 3436 526 3500 vitiis
543 3437 695 3521 patientia
712 3436 795 3500 victa
813 3446 869 3499 est.

116 3522 194 3588 cede
211 3522 344 3607 fatigato
361 3533 502 3606 pectore,
521 3521 621 3605 turpis
640 3544 737 3585 amor.

74 3608 195 3673 scilicet
212 3607 336 3670 adserui
353 3607 416 3670 iarn
435 3629 486 3670 me
503 3607 636 3692 fugique
654 3618 791 3681 catenas,

118 3706 149 3757 et
167 3715 249 3776 quae
266 3714 329 3755 non
347 3692 460 3776 puduit
477 3691 574 3767 ferre,
592 3692 700 3756 tulisse
717 3692 825 3776 pudet.

75 3779 209 3842 vicimus
228 3788 259 3842 et
276 3776 429 3841 domitum
446 3776 580 3862 pedibus
598 3777 755 3841 calcamus
773 3797 927 3841 amorem:

118 3874 272 3928 venerunt
290 3862 384 3947 capiti
402 3883 520 3926 cornua
538 3884 608 3927 sera
623 3884 703 3926 mec.

76 3949 182 4035 perfer
193 3958 225 4012 et
234 3947 369 4011 obdurui
397 3946 487 4010 dolor
502 3946 554 4013 hic
571 3947 630 4011 tibi
646 3947 784 4033 proderit
801 3945 886 4012 olim.

120 4057 215 4120 saepe
233 4032 304 4097 tulit
321 4031 411 4097 lassis
428 4054 523 4098 sucus
541 4055 666 4098 amarus
685 4053 787 4118 opem.
