2604 4974
279 292 537 349 REMEDIORUM
553 289 697 347 AMORIS
716 289 860 346 lta-255.

105 414 173 501 ipse
191 415 249 479 tibi
265 415 375 480 furtim
393 414 596 500 decipiendus
614 414 685 479 eris.

63 512 97 565 tu
115 512 252 578 tantum,
270 501 415 584 quamvis
432 500 531 565 firmis
548 500 723 565 retinebere
741 496 862 574 vinclis,

105 588 115 650 i
133 587 243 673 procul
261 599 293 651 et
309 587 421 671 longas
438 608 567 671 carpere
585 608 682 671 perge
700 585 778 648 vias.

61 673 166 748 flebis,
186 683 217 736 et
235 683 377 737 occurret
395 672 538 737 desertae
555 693 670 736 nomen
689 671 819 745 amicae,

105 756 200 821 stabit
217 768 248 821 et
265 757 298 820 in
315 757 420 821 media
436 780 493 842 pes
511 757 570 822 tibi
587 779 681 842 saepe
698 756 759 820 via.

62 843 118 907 sed
136 853 253 926 quanto
271 843 376 906 minus
392 842 438 907 ire
456 844 558 919 voles,
576 843 678 927 magis
695 842 740 906 ire
758 850 930 904 memento:

104 927 208 1012 perfer
226 938 256 992 et
273 928 389 992 invitos
407 950 533 993 cunere
551 949 629 1013 coge
647 927 754 1012 pedes.

64 1035 121 1078 nec
138 1013 261 1097 pluvias
279 1026 368 1098 opta,
386 1036 446 1079 nec
464 1024 494 1077 te
513 1013 680 1098 peregrina
697 1021 859 1077 morentur

104 1098 237 1163 sabbata
253 1121 312 1163 nec
331 1098 453 1162 damnis
470 1099 558 1162 Allia
574 1108 651 1162 nota
668 1097 743 1162 suis.

63 1206 121 1251 neo
140 1195 217 1267 quot
235 1185 409 1262 transieris,
427 1184 484 1248 sed
502 1195 578 1268 quot
596 1184 667 1260 tibi,
686 1204 817 1266 quaere,
835 1180 993 1268 supersint

104 1268 204 1333 milia:
222 1292 294 1347 nec,
313 1292 442 1334 maneas
459 1281 495 1334 ut
512 1292 625 1354 prope,
642 1269 728 1355 finge
746 1289 864 1333 moras:

62 1364 204 1440 tempora
221 1377 280 1420 nec
297 1378 443 1431 numera,
460 1377 520 1420 nec
539 1355 648 1420 crebro
666 1354 787 1439 respice
804 1353 950 1429 Romam,

105 1440 160 1504 sed
178 1441 269 1525 fuge:
287 1451 374 1505 tutus
392 1440 496 1505 adhuc
512 1439 651 1505 Parthus
670 1440 711 1503 ab
728 1438 818 1504 hoste
835 1438 914 1523 fuga
931 1447 989 1502 est.

62 1525 142 1589 dura
159 1526 271 1609 aliquis
289 1537 458 1611 praecepta
475 1538 565 1591 vocet
583 1526 674 1590 mea?
700 1525 780 1589 dura
796 1525 933 1589 fatemur

106 1633 189 1676 esse:
208 1612 264 1676 red
281 1622 317 1675 ut
334 1611 455 1690 valeas,
472 1612 573 1676 multa
591 1611 726 1677 dolenda
743 1609 836 1675 feres.

62 1719 156 1781 saepe
174 1696 240 1760 bibi
258 1719 365 1772 sucos,
383 1697 528 1780 quamvis
544 1697 677 1774 invitus,
696 1717 819 1760 amaros

105 1805 209 1867 aeger,
229 1793 259 1846 et
278 1783 379 1847 oranti
396 1806 506 1848 mensa
522 1795 638 1869 negata
654 1782 742 1846 mihi.

60 1881 97 1933 ut
115 1889 228 1952 corpus
246 1868 397 1945 redimas,
415 1870 534 1933 ferrum
552 1869 680 1954 patieris
698 1879 730 1933 et
746 1867 847 1954 ignes,

105 1953 193 2017 arida
209 1975 269 2018 nec
286 1954 394 2019 sitiens
411 1975 467 2019 ora
484 1955 604 2019 levabis
623 1976 719 2038 aqua:

61 2051 98 2102 ut
114 2040 221 2103 valeas
239 2039 358 2115 anima,
375 2041 545 2123 quicquam
562 2041 695 2105 tolerare
712 2037 863 2123 negabis?

106 2134 138 2187 at
156 2124 291 2209 pretium
308 2147 382 2210 pars
400 2125 479 2191 haec
496 2147 627 2211 corpore
644 2125 746 2189 maius
764 2122 869 2188 habet.

64 2211 119 2274 sed
137 2220 243 2274 tamen
261 2222 308 2275 est
326 2211 401 2274 artis
419 2211 597 2275 tristissima
613 2211 709 2274 ianua
726 2219 861 2283 nostrae,

106 2307 137 2359 et
154 2295 244 2359 labor
261 2306 309 2359 est
325 2318 423 2373 unus,
442 2307 584 2380 tempora
600 2296 703 2382 prima
720 2293 795 2380 pati.

61 2380 189 2465 aspicis,
207 2390 243 2444 ut
260 2402 390 2465 prensos
408 2395 501 2446 urant
517 2382 594 2466 iuga
611 2381 713 2467 prima
729 2381 891 2455 iuvencos,

105 2477 136 2530 et
153 2487 236 2529 nova
254 2467 394 2531 velocem
412 2467 539 2552 cingula
557 2468 663 2532 laedat
680 2464 815 2548 equum?

61 2551 192 2615 forsitan
211 2575 230 2614 a
248 2551 385 2615 Laribus
403 2553 513 2636 patriis
532 2553 617 2617 exire
635 2551 770 2637 pigebit:

104 2637 160 2700 sed
178 2649 284 2700 tamen
302 2637 412 2701 exibis.
457 2638 570 2702 deinde
588 2638 690 2702 redire
708 2636 809 2699 voles:

61 2744 121 2788 neo
139 2733 170 2786 te
188 2722 254 2785 Lar
272 2723 406 2806 patrius,
426 2724 481 2788 sed
499 2745 588 2786 amor
605 2722 767 2787 revocabit
784 2719 918 2796 amicae3

103 2807 290 2892 praetendes
309 2809 420 2892 culpae
439 2808 603 2893 splendida
621 2808 718 2872 verba
736 2818 819 2870 tuae.

61 2915 135 2957 cum
152 2894 250 2958 semel
268 2893 394 2969 exieris,
413 2906 540 2959 centum
559 2894 670 2958 solatia
688 2914 782 2957 curae

105 2990 136 3043 et
153 3000 207 3042 rus
225 2990 257 3042 et
275 2980 404 3044 comites
422 2989 453 3043 et
470 2980 522 3044 via
538 2980 635 3065 longa
652 2978 749 3042 dabit.

61 3085 120 3129 nee
138 3064 213 3128 satis
232 3087 302 3129 esse
319 3075 411 3150 putes
430 3065 600 3130 discedere.
643 3065 747 3129 lentus
765 3062 885 3138 abesto,

105 3149 181 3212 dum
199 3150 310 3234 perdat
327 3150 410 3214 vires
428 3151 530 3234 sitque
549 3151 615 3215 sine
632 3151 707 3236 igne
725 3149 813 3214 cinis.

62 3234 147 3318 quod
165 3235 225 3298 nisi
242 3235 367 3299 firmata
384 3236 561 3321 properaris
578 3249 683 3300 mente
701 3234 825 3311 reverti,

104 3318 217 3384 inferet
235 3343 322 3384 arma
339 3321 397 3385 tibi
414 3344 510 3386 saeva
527 3321 651 3386 rebellis
669 3321 785 3396 Amor3

63 3404 218 3488 quidquid
236 3416 268 3469 et
285 3406 415 3481 afueris,
434 3407 545 3471 avidus
564 3407 735 3489 sitiensque
752 3405 879 3481 redibis,

106 3501 138 3554 et
155 3491 291 3574 spatium
310 3490 425 3555 damno
443 3493 572 3557 cesserit
589 3514 682 3556 omne
700 3504 765 3556 tu0.
782 3512 827 3536 '—

63 3575 191 3651 viderit,
209 3576 408 3641 Haemoniae
426 3576 523 3660 siquis
540 3578 626 3641 mala
643 3578 761 3662 pabula
778 3587 878 3640 terrae

106 3672 137 3724 et
154 3661 295 3746 magicas
314 3672 396 3725 artes
413 3684 506 3746 posse
524 3662 633 3727 iuvare
650 3673 749 3747 putat.

62 3746 124 3811 ista
141 3745 284 3810 veneficii
302 3756 393 3811 vetus
410 3758 458 3810 est
474 3748 537 3811 via.
580 3759 686 3812 noster
703 3745 821 3832 Apollo

105 3832 276 3895 innocuam
293 3853 382 3896 sacro
400 3833 538 3898 carmine
555 3844 709 3898 monstrat
726 3854 828 3915 opem.

63 3939 115 3982 me
138 3917 218 3981 duce
235 3938 300 3980 non
316 3918 438 3997 tumulo
456 3918 581 4003 prodire
597 3918 758 3983 iubebitur
774 3917 897 3994 umbra,

106 4024 171 4066 non
188 4024 268 4065 anus
285 4002 395 4066 infami
414 4004 551 4069 carmine
569 4015 694 4088 rumpet
711 4003 854 4079 humum,

63 4109 128 4152 non
145 4109 237 4172 seges
255 4109 294 4152 ex
313 4089 381 4155 aliis
399 4089 476 4156 alios
494 4089 640 4155 transibit
656 4089 691 4152 in
706 4109 821 4172 agros,
893 4140 895 4144 ,

1019 272 1082 338 201

1102 1113 1151 1163 220
