2604 4974
213 283 363 341 ιιιιιιο
381 250 673 343 annonas-121.
889 268 952 335 217

81 409 107 474 ei
125 408 228 473 cultus
246 407 359 474 unicus
377 422 488 474 auctor
505 409 604 473 abest.

81 516 150 559 eum
167 494 355 578 levibusque
372 516 427 560 cor
444 507 492 560 est
508 492 655 559 violabile
673 492 754 571 telis,

81 603 149 667 iper
166 602 263 645 causa
280 592 342 657 est,
360 600 417 645 cur
434 602 494 666 ego
513 602 637 665 semper
655 602 768 645 amem.

81 666 224 731 nascenti
241 667 345 766 legem
363 666 470 731 dixere
489 663 632 742 Sorores,

81 763 128 816 ιιι
145 764 281 816 suutt
236 752 281 815 vit
283 775 320 817 ae
338 752 391 816 fila
407 774 519 816 severa
536 774 636 828 meae,

81 850 136 902 unt
154 837 285 902 studia
276 862 309 901 m
326 859 430 902 mores
448 837 587 921 artisque
606 837 758 923 magistra

81 947 139 987 um
156 923 247 988 nobis
265 923 359 988 molle
377 922 492 987 Thalia
509 922 595 988 facit.

81 1032 159 1086 mm,
177 1008 272 1073 sime
290 1009 410 1110 primae
427 1008 587 1110 lanuginis
605 1019 692 1074 aetas

81 1106 220 1178 1tatque
238 1095 327 1172 anni,
345 1116 425 1178 quos
443 1095 491 1159 vir
508 1117 614 1159 amare
632 1094 754 1194 potest?

93 1203 151 1267 pro
170 1178 313 1266 Cephalo
331 1203 491 1281 raperes,
492 1181 634 1257 Aurora,
652 1180 813 1245 timebam.

81 1289 163 1331 eres:
182 1266 239 1330 sed
256 1277 287 1331 te
304 1265 406 1351 prima
424 1266 535 1368 rapina
552 1276 648 1331 tenet.

81 1352 268 1437 conspiciat,
286 1373 367 1435 quae
386 1352 540 1453 conspicit
557 1352 677 1431 omnia,
695 1350 837 1430 Phoebe,

98 1439 158 1503 erit
166 1459 302 1538 somnos
320 1438 505 1503 continuare
522 1436 646 1503 Phaon.

81 1547 147 1587 mus
164 1523 198 1587 in
216 1523 339 1588 caelum
356 1543 451 1588 curru
469 1523 608 1589 vexisset
625 1524 757 1603 eburno,

83 1609 170 1674 dete
173 1608 301 1673 tMarti
318 1631 415 1711 posse
428 1610 553 1697 placere
572 1632 638 1675 suo.

81 1695 182 1759 lhuc
173 1695 313 1772 ruvenis,
331 1716 390 1760 nec
406 1695 471 1760 iam
488 1719 577 1781 puer,
595 1695 681 1761 utilis
698 1706 796 1774 aetas,

81 1804 149 1845 ιιι
150 1792 225 1864 tque
243 1804 314 1845 aevr
304 1781 432 1867 gloria
449 1805 566 1868 magna
583 1781 640 1860 tui,

81 1867 203 1950 sinque
221 1865 323 1944 sinus,
342 1866 493 1944 formose,
510 1867 651 1933 relabere
669 1878 809 1933 nostros·

80 1963 93 2017 t
111 1975 198 2017 ames
216 1974 287 2029 oro,
305 1975 417 2018 verum
434 1967 470 2019 ut
487 1977 593 2019 amare
611 1953 706 2019 sinas.

81 2062 116 2116 s,
134 2051 167 2103 et
183 2038 321 2103 lacrimis
339 2040 423 2104 oculi
440 2051 547 2103 rorant
548 2062 586 2103 ur
535 2040 739 2105 tobortis:

81 2158 97 2202 ι,
117 2146 213 2208 quam
233 2125 322 2189 sitin
339 2124 400 2190 hoc
417 2127 517 2189 multa
533 2125 629 2190 litura
646 2126 726 2191 loco.

80 2224 166 2274 ertus
185 2234 253 2276 eras
271 2210 345 2275 hinc
362 2212 422 2288 ire,
439 2210 612 2275 modestius
630 2211 708 2277 isses

81 2297 104 2360 ri
122 2296 255 2361 dixisses
274 2296 388 2361 ‘Lesbi
405 2296 526 2382 puella,
544 2296 635 2361 vale’

81 2405 120 2446 rm
139 2382 300 2459 lacrimas,
318 2404 383 2447 non
400 2382 509 2446 oscula
525 2392 634 2446 nostra
651 2382 765 2461 tulisti:

81 2491 114 2532 re
132 2490 197 2533 non
215 2468 319 2545 timui,
338 2468 424 2551 quod
442 2468 578 2532 dolitura
595 2467 653 2532 fui.

81 2576 229 2618 tmecum
246 2565 308 2630 est,
326 2554 387 2618 nisi
405 2563 526 2617 tantum
544 2553 668 2618 iniuria.
712 2575 772 2619 nec
789 2564 834 2631 tu,

81 2651 146 2705 reat
164 2640 250 2723 quod
268 2651 314 2717 te,
332 2661 448 2703 munus
466 2639 600 2704 amantis
618 2638 729 2704 habes.

81 2726 166 2789 idata
184 2724 267 2790 dedi.
310 2746 414 2808 neque
432 2725 515 2790 enim
533 2726 683 2790 mandata
702 2724 858 2790 dedissem

81 2811 135 2874 nisi
152 2823 188 2875 ut
205 2813 305 2876 nolles
323 2810 489 2876 immemor
506 2834 575 2876 esse
593 2812 665 2877 mei.

99 2897 153 2980 qui
170 2919 345 2981 numquam
363 2897 458 2998 longe
477 2896 625 2974 discedit,
643 2897 798 2962 Amorem

81 3007 97 3048 e
114 3005 229 3083 novem
246 2983 331 3061 iuro,
349 2983 481 3047 numina
497 2994 569 3048 nost
569 3006 619 3061 ra,
639 2984 725 3059 deas,

81 3070 102 3132 ri
120 3068 227 3133 nescio
246 3069 317 3153 quis
335 3069 478 3170 ‘fugiunt
495 3081 552 3136 tua
568 3069 701 3155 gaudia’
720 3068 810 3147 dixit,

81 3178 105 3219 te
123 3156 198 3220 flere
216 3156 271 3218 diu
288 3177 348 3221 nec
365 3178 407 3241 po
408 3154 505 3220 tuisse
522 3156 619 3239 loqui.

81 3264 132 3305 rae
152 3241 282 3306 deerant
299 3242 399 3306 oculis
416 3254 448 3306 et
466 3241 563 3306 verba
580 3241 698 3326 palato,

81 3350 140 3390 um
157 3327 263 3412 gelido
280 3327 399 3428 frigore
416 3338 526 3413 pectus
545 3339 622 3392 erat.

81 3436 105 3475 ιι
124 3436 156 3477 se
176 3413 291 3476 dolor
282 3414 415 3489 mvenit,
433 3435 493 3477 nec
510 3426 640 3513 pectora
656 3412 765 3499 plangi

81 3498 168 3562 uduit
156 3498 290 3598 tscissis
309 3460 471 3563 exululare
489 3497 599 3576 comis,

81 3608 122 3660 ιι,
142 3605 238 3666 quam
256 3583 282 3646 si
300 3583 366 3648 nati
383 3583 436 3669 pia
453 3595 555 3649 mater
572 3583 714 3669 adempti

99 3670 140 3734 ad
158 3680 334 3734 exstructos
353 3691 468 3770 corpus
485 3669 579 3735 inane
597 3691 702 3755 rogos.

81 3768 105 3820 t
123 3779 140 3820 e
158 3766 265 3820 nostro
284 3755 397 3821 crescit
413 3778 555 3821 maerore
574 3752 742 3821 Charaxus

95 3854 216 3907 etante
234 3841 368 3906 oculos
359 3852 446 3926 itque
464 3840 610 3925 reditque
627 3863 724 3906 meos.

81 3927 203 3992 udenda
221 3951 283 3992 mer
274 3927 447 3993 videatur
464 3950 561 3993 causa
579 3926 705 4005 doloris,

92 4013 176 4078 dolet
194 4014 291 4079 haec?
317 4025 401 4080 certe
418 4012 483 4079 filia
500 4011 590 4078 vivit’
609 4012 662 4077 ait.
981 4036 1040 4081 aaa

82 4099 150 4164 iunt
166 4101 200 4163 in
216 4100 301 4165 idem
319 4101 422 4187 pudor
439 4112 536 4186 atque
553 4121 662 4169 amort
679 4121 780 4167 omne
792 4097 939 4163 numu
