2604 4974
541 784 575 843 P.
592 785 703 844 OVIDI
719 783 881 843 NASONIS
902 824 904 828 .

498 1388 920 1473 AMORUM

569 1571 685 1627 LIBER
701 1573 855 1632 PRIMUS.

526 1906 740 1950 EPIGRAMMA
761 1905 893 1950 IPSIUS·

199 2012 267 2095 Qui
283 2014 378 2079 modo
396 2013 533 2079 Nasonis
551 2013 713 2078 fueramus
730 2012 871 2096 quinque
887 2013 996 2090 libelli,

241 2111 304 2165 tres
322 2121 441 2164 sumus.
486 2100 547 2163 hoo
563 2100 610 2163 illi
627 2099 777 2185 praetulit
794 2110 904 2163 auctor
921 2120 1012 2185 opus.

198 2186 315 2250 utiam
331 2185 419 2250 nulla
437 2185 494 2250 tibi
511 2207 569 2249 nos
588 2185 629 2249 sit
645 2185 760 2270 legisse
777 2184 934 2285 voluptas,

242 2282 275 2336 at
291 2270 391 2336 levior
407 2270 543 2356 demptis
560 2291 664 2356 poena
682 2270 805 2334 duobus
823 2280 891 2335 errt.

693 2424 721 2488 Ι.

198 2529 300 2592 Arma
316 2525 408 2614 gravi
424 2548 555 2591 numero
573 2525 775 2611 violentaque
792 2527 876 2591 bella
893 2528 1045 2612 parabam

241 2613 349 2691 edere,
366 2612 722 2678 materia-conveniente
740 2613 855 2677 modis:

198 2722 256 2785 par
274 2710 340 2764 erat
357 2697 488 2763 inferior
504 2720 624 2763 versus.
668 2698 772 2762 risisse
792 2695 917 2783 Cupido

240 2784 355 2849 dieitur
372 2795 467 2868 atque
484 2807 584 2849 unum
603 2784 790 2869 surripuisse
806 2784 930 2868 pedem.

164 2891 180 2940 5
199 2871 285 2954 ‘quis
303 2869 374 2947 tibi,
392 2892 486 2935 saeve
504 2892 597 2955 puer,
616 2870 703 2934 dedit
720 2868 780 2935 hoo
797 2870 830 2932 in
848 2869 988 2934 earmina
1004 2869 1101 2934 iuris?

239 2955 403 3020 Pieridum
420 2967 525 3033 vates,
543 2976 607 3019 non
624 2967 680 3020 tue
697 2956 791 3020 turba
808 2978 928 3021 sumus.

198 3041 290 3125 quid,
309 3041 335 3105 si
352 3041 522 3127 praeripiat
539 3041 640 3106 flavae
658 3042 769 3107 Venus
788 3063 875 3104 anna
892 3040 1068 3118 Minervae,

241 3126 371 3192 ventilet
388 3149 536 3192 aooensas
554 3127 637 3190 flava
654 3127 802 3191 Minerva
819 3126 925 3191 faces?

198 3212 268 3297 quis
286 3212 399 3298 probet
414 3213 449 3276 in
467 3212 553 3276 silvis
572 3210 722 3278 Cererem
739 3234 872 3297 regnare
889 3209 1020 3297 iugosis‚

148 3320 180 3370 ιο
239 3298 311 3382 lege
329 3298 528 3383 pharetratae
546 3297 675 3384 virginis
693 3320 770 3362 arva
787 3298 867 3361 eolil

198 3384 336 3448 crinibus
353 3383 511 3469 insignem
528 3384 599 3467 quis
617 3394 711 3447 acuta
728 3383 857 3467 cuspide
875 3382 1043 3447 Phoebum

238 3469 388 3546 instruat,
408 3469 546 3533 Aoniam
564 3468 670 3533 Marte
686 3479 833 3533 movente
851 3468 972 3553 lyram?

197 3566 271 3619 sunt
288 3554 346 3618 tibi
363 3576 494 3640 magna,
511 3577 604 3639 puer,
622 3554 818 3637 nimiumque
835 3554 975 3639 potentia
992 3577 1105 3640 regna:

240 3661 394 3726 europus
412 3639 568 3716 adfectas,
587 3639 767 3715 ambitiose,
784 3639 923 3703 novum?

147 3748 179 3796 15
197 3748 253 3801 an,
270 3725 357 3809 quod
374 3724 508 3808 ubique,
527 3736 617 3789 tuum
634 3725 700 3790 est?
727 3737 781 3789 tua
799 3736 873 3789 sunt
889 3725 1058 3789 Heliconia
1076 3725 1218 3811 Tempe?

238 3811 292 3875 vix
311 3811 405 3876 etiam
422 3810 555 3875 Phoebo
572 3810 636 3875 iam
653 3811 723 3896 lyra
740 3821 807 3875 tuta
825 3834 883 3874 sua
900 3811 966 3874 est?

196 3919 269 3962 oum
288 3897 368 3961 bene
386 3897 521 3962 surrexit
537 3918 632 3961 versu
648 3918 732 3960 nova
748 3896 866 3981 pagina
883 3895 994 3981 primo,

239 3992 382 4047 attenuat
398 4003 512 4046 nervos
529 3982 692 4067 proximus
708 3981 762 4045 ille
780 4003 880 4045 meos:

195 4091 254 4134 neo
271 4068 350 4132 mihi
366 4068 498 4132 materia
515 4078 563 4131 est
579 4067 717 4132 numeris
735 4066 904 4131 levioribus
923 4078 1007 4152 apta,

146 4176 178 4222 so
238 4166 293 4218 aut
310 4176 400 4239 puer,
418 4164 471 4217 aut
489 4153 601 4238 longas
619 4163 745 4238 compta
761 4152 868 4236 puella
886 4151 1020 4216 eomasl'

196 4251 326 4324 questus
344 4262 439 4304 eram.
483 4238 630 4323 pharetra
648 4260 720 4302 oum
737 4235 880 4322 protinus
897 4238 949 4302 ille
967 4239 1070 4302 soluto

237 4324 316 4410 legit
332 4322 365 4388 iu
383 4324 514 4389 exitium
531 4323 652 4408 spicula
670 4324 755 4387 faeta
772 4346 879 4388 meum

195 4409 380 4492 lunavitque
397 4431 482 4494 genu
500 4409 662 4472 sinuosum
680 4409 804 4473 fortiter
821 4431 939 4485 eroum,

239 4493 418 4578 ‘quod'que
436 4503 560 4571 ‘oanas,
578 4505 680 4569 vates,
699 4494 819 4578 aooipe’
839 4494 919 4559 dixit
936 4494 1059 4580 ‘opusl’

140 4601 177 4653 25
194 4603 247 4648 ms
262 4579 429 4647 miseruml
455 4591 556 4648 certas
575 4579 686 4644 habuit
703 4602 783 4666 puer
798 4580 851 4646 ille
869 4580 1013 4666 sagittas:
