2604 4974
397 277 603 336 Huaomuu
618 278 697 336 XVI.
714 275 844 332 22-109.

148 414 185 468 nt
202 401 324 489 possint
340 402 426 487 ipsas
444 402 498 465 illa
514 423 642 466 movere
660 400 746 466 deas.

113 490 164 555 sed
183 490 210 553 si
227 488 291 552 iam
310 488 425 553 vellem
443 487 522 552 fines
540 487 673 551 transire
690 485 832 572 pudoris,

148 587 185 639 tu
203 573 315 638 melior
333 575 446 658 culpae
464 595 560 637 causa
577 571 703 636 futurus
721 594 800 636 eras.

112 672 164 725 sut
182 681 243 745 ego
261 670 413 743 perpetuo
431 658 549 722 famam
568 657 634 722 sine
652 657 724 722 labe
742 656 857 722 tenebo

148 754 206 810 aut
223 766 284 830 ego
301 755 332 808 te
349 743 455 828 potius
472 765 568 827 quam
587 754 642 807 tua
659 743 743 806 dona
760 763 884 826 sequar.
1148 762 1180 811 so

111 842 208 915 utque
226 852 265 894 ea
281 850 345 893 uon
362 851 491 914 sperno,
509 829 554 892 sic
572 827 791 914 acceptissima
809 850 934 913 semper

149 938 284 981 munera
301 924 389 991 sunt,
408 925 518 978 auctor
535 936 617 997 quae
634 913 773 999 pretiosa
790 913 878 978 facit.

110 1002 180 1088 plus
198 1001 299 1066 multo
317 1010 379 1076 est,
397 999 484 1083 quod
502 1023 604 1076 amas,
623 999 708 1082 quod
726 1022 797 1063 snm
815 998 872 1063 tibi
890 1021 987 1064 eausa
1002 999 1129 1076 laboris,

151 1087 240 1171 quod
257 1096 323 1150 tam
339 1107 397 1171 per
413 1086 525 1172 longas
543 1107 615 1170 spes
633 1095 689 1149 tna
706 1084 792 1148 venit
810 1106 919 1168 aquas.

107 1172 161 1236 ills
180 1193 321 1256 quoque,
339 1170 485 1256 adposita
502 1191 584 1254 quae
601 1192 685 1234 nuno
702 1169 796 1247 facis,
814 1171 969 1257 improbe,
988 1193 1107 1247 mensa,
1146 1189 1178 1238 75

151 1257 297 1341 quamvis
315 1257 460 1341 experiar
476 1256 689 1333 dissimulare,
707 1265 797 1320 noto:

107 1364 182 1408 cum
199 1343 294 1407 modo
311 1365 362 1408 me
380 1353 504 1427 spectas
521 1342 635 1419 oculis,
652 1343 784 1418 lascive,
802 1341 967 1426 protervis,
1052 1398 1055 1410 .

150 1449 231 1512 quos
249 1427 303 1492 vix
320 1427 474 1493 instantes
491 1427 611 1491 lumina
628 1439 736 1492 nostra
753 1426 869 1502 ferunt,

108 1524 140 1578 et
158 1514 253 1578 modo
271 1512 426 1599 suspiras,
444 1513 539 1577 modo
556 1513 671 1598 pocula
687 1512 832 1599 proxima
849 1513 941 1577 nobis

149 1599 262 1674 sumis,
280 1619 406 1682 quaque
425 1599 505 1675 bibi,
524 1609 559 1662 tu
576 1619 703 1682 quoque
720 1608 810 1683 parte
828 1597 920 1662 bibis.
1146 1620 1179 1668 80

105 1683 139 1749 ai
160 1685 306 1768 quotiens
325 1684 449 1768 digitis,
467 1684 612 1767 quotiens
630 1705 690 1770 ego
708 1694 792 1749 tecta
808 1684 916 1748 notavi

149 1771 241 1856 signa
259 1769 425 1855 supercilio
443 1792 544 1855 paene
560 1769 709 1855 loquente
728 1768 809 1833 dari!

104 1866 138 1921 et
156 1878 251 1941 saepe
269 1855 415 1932 extimui,
433 1878 473 1920 ne
491 1856 540 1920 vir
556 1878 646 1920 meus
663 1855 717 1919 illa
734 1854 865 1930 videret,

147 1962 214 2005 non
231 1941 308 2006 satis
325 1941 457 2006 occultis
475 1941 650 2025 erubuique
667 1940 760 2005 notis.

104 2049 203 2112 saepe
220 2028 272 2092 vel
290 2026 340 2091 exi
374 2049 406 2090 10
424 2027 475 2091 vel
491 2027 578 2093 nullo
597 2049 758 2093 murmure
776 2025 841 2090 dixi

151 2112 211 2176 ‘nil
228 2111 327 2197 pudet
341 2049 449 2177 bunc?
492 2134 552 2177 nec
569 2134 632 2177 vox
650 2111 729 2179 baso
747 2135 818 2177 mea
834 2111 916 2177 falsa
932 2112 1004 2178 fuit

105 2199 184 2263 orbe
202 2218 329 2281 quoque
346 2197 380 2262 in
397 2220 526 2263 mensae
542 2198 606 2284 legi
624 2198 684 2263 sub
702 2197 830 2263 nomino
847 2209 965 2274 nostro,

151 2283 237 2367 qnod
255 2283 391 2348 deducta
407 2305 495 2348 mero
512 2283 617 2349 littera
633 2283 722 2349 fecit:
742 2282 852 2348 ‘amo’

105 2369 236 2434 credere
253 2391 305 2434 me
322 2378 428 2433 tamen
444 2368 506 2434 hoc
523 2369 615 2434 oculo
631 2380 783 2434 renuente
800 2370 924 2454 negavi.

149 2454 180 2521 ei
196 2453 288 2530 mihi,
305 2453 370 2518 iam
388 2453 485 2518 didici
502 2455 547 2519 sic
565 2476 624 2540 ego
642 2476 735 2540 posse
751 2455 853 2538 loquii

105 2540 156 2604 his
174 2561 234 2625 ego
253 2539 428 2617 blanditiis,
446 2541 473 2604 si
489 2552 659 2625 peccatura
675 2539 817 2616 fuissem,

149 2624 307 2690 flecterer:
324 2624 375 2689 his
391 2636 538 2710 poterant
553 2637 682 2710 pectora
698 2637 807 2690 nostra
824 2625 902 2710 capi.

105 2722 156 2776 est
174 2731 317 2795 qnoque,
334 2710 495 2787 confiteor,
513 2710 611 2775 facies
629 2710 688 2775 tibi
704 2735 790 2788 rara,
809 2722 974 2796 potestque

149 2796 232 2861 velle
248 2795 309 2859 sub
326 2796 491 2881 amplexus
508 2796 554 2861 ire
572 2797 679 2881 puella
696 2807 777 2861 tuos.

106 2884 206 2947 altera
223 2881 279 2946 sed
295 2882 400 2966 potius
418 2882 496 2946 felix
513 2881 580 2947 sine
598 2881 728 2946 crimine
744 2882 809 2958 fiat,

149 2988 246 3050 quam
263 2966 357 3032 cadat
374 2979 504 3033 externo
521 2978 627 3032 noster
645 2989 751 3032 amore
768 2968 885 3052 pudori

106 3053 194 3117 disce
211 3073 282 3117 meo
300 3054 446 3138 exemplo
463 3053 609 3118 formosis
627 3075 720 3139 posse
738 3075 858 3119 carere:

149 3149 198 3203 est
214 3139 314 3202 virtus
332 3138 455 3222 placitis
473 3138 663 3205 abstinuisse
680 3138 780 3205 bonis.

105 3245 205 3309 quam
220 3223 337 3287 multos
355 3224 457 3288 eredis
474 3224 604 3288 iuvenes
623 3235 746 3324 optare,
765 3225 851 3306 quod
869 3236 970 3358 optas,

149 3308 205 3393 qui
222 3308 365 3393 sapiant?
391 3309 498 3374 oculos
516 3334 557 3374 an
574 3310 667 3374 Parrs
684 3332 767 3375 unus
785 3310 899 3374 habes.

104 3416 170 3460 non
187 3405 223 3459 tu
239 3395 311 3478 plus
329 3394 444 3472 cernis,
463 3396 520 3459 sed
535 3396 607 3481 plus
625 3395 808 3460 temerarius
826 3396 938 3460 andes:

148 3502 208 3545 nec
226 3479 285 3543 tibi
301 3479 374 3565 plus
392 3481 509 3557 cordis,
527 3481 584 3546 sed
600 3481 694 3545 nimis
713 3480 775 3544 oris
793 3481 892 3545 adest

105 3577 183 3631 tunc
200 3587 262 3651 ego
280 3575 311 3629 te
329 3565 445 3631 vellem
461 3567 555 3631 celeri
572 3567 696 3631 venisse
714 3565 830 3642 carina,

149 3674 222 3716 eum
240 3672 312 3715 mea
329 3650 493 3736 virginitas
511 3652 596 3716 mille
614 3652 713 3737 petita
729 3651 846 3737 procis:

107 3737 134 3802 si
150 3748 182 3802 te
200 3736 364 3812 vidissem,
381 3736 501 3821 primus
520 3736 560 3802 de
577 3738 662 3802 mille
678 3737 803 3801 fuisses.

148 3821 265 3887 iudicio
283 3821 408 3886 veniam
426 3823 475 3886 vir
492 3823 580 3887 dabit
595 3823 662 3909 ipse
681 3845 761 3888 men.

106 3909 149 3974 ad
165 3929 313 3994 possessa
330 3908 418 3973 venis
437 3921 669 3995 praeceptaque
686 3908 804 3994 gaudia
822 3931 921 3973 serus.

150 4016 223 4079 spes
241 4004 296 4058 tua
312 3993 398 4058 lenta
414 3993 484 4058 fuit.
528 3996 615 4078 quod
632 3995 727 4079 petis,
747 3995 825 4058 alter
841 3993 947 4061 habet

106 4090 142 4147 ut
159 4093 267 4145 tamen
285 4092 427 4166 optarem
444 4080 512 4147 fieri
530 4096 584 4146 tua
601 4081 716 4146 Troica
733 4079 880 4159 coniunx,
