2604 4974
268 276 474 338 HEROIDUM
491 280 559 335 XII.
579 281 723 336 194-212.
742 281 823 336 XIII.
844 280 936 340 1-65.

145 403 300 471 succiduo
318 405 406 470 dicor
422 404 629 491 procubuisse
647 428 743 491 genu.
1046 481 1049 485 ⁴

101 492 157 556 vix
175 512 268 557 socer
284 490 440 577 Iphiclus,
459 490 513 555 vix
529 513 581 556 me
599 491 800 576 grandaevus
818 492 968 570 Acastus,

146 577 202 640 vix
220 588 322 641 mater
338 577 445 662 gelida
462 587 583 643 maesta
599 576 712 641 refecit
729 599 823 660 aqua.

103 661 247 726 officium
265 662 368 726 fecere
386 662 488 746 pium,
507 660 564 726 sed
582 661 693 726 inutile
711 663 817 726 nobis:

146 747 305 831 indignor,
323 747 457 811 miserae
475 768 539 811 non
556 747 684 812 licuisse
702 747 796 811 moril

104 844 140 899 ut
157 833 251 898 rediit
269 832 408 909 animus,
426 832 544 918 pariter
561 832 683 897 redicre
701 833 835 897 dolores.

147 928 278 1004 pectora
294 918 462 1004 legitimus
474 928 562 985 casta
576 918 749 982 momordit
767 941 865 983 amor.

104 1025 165 1069 nec
182 1003 261 1067 mihi
279 1004 451 1089 pectendos
463 1015 612 1071 comest
628 1005 782 1089 praebere
800 1005 942 1091 capillos,

147 1110 208 1154 nec
225 1089 304 1163 libet
321 1100 432 1153 aurata
449 1110 583 1189 corpora
600 1100 688 1154 veste
707 1090 781 1175 tegi.

105 1186 154 1251 ut,
173 1195 254 1258 quas
272 1176 442 1261 pampinea
459 1175 605 1260 tetigisse·
618 1174 914 1261 Bicorniger'hasta

147 1259 297 1337 creditur,
316 1260 378 1324 huc
396 1259 486 1336 illuc,
505 1281 569 1343 qua
586 1259 676 1325 furor
694 1261 774 1346 egit,
793 1284 841 1327 ec.

105 1345 300 1411 conveniunt
316 1355 433 1410 matres
450 1345 660 1430 Phylaceides
680 1356 711 1410 et
728 1346 806 1410 mihi
825 1348 961 1411 clamant

147 1431 261 1496 ‘indue
278 1432 416 1517 regales,
434 1430 630 1509 Laudamia,
648 1431 766 1496 sinnsl’

105 1516 226 1583 scilicet
243 1516 313 1603 ipsa
330 1539 439 1602 geram
457 1528 613 1582 saturatas
631 1517 751 1583 murice
768 1519 868 1593 lanas,

146 1603 234 1668 bella
251 1602 311 1666 sub
328 1602 435 1666 Iliacis
453 1602 620 1667 moenibus
638 1602 690 1667 ille
708 1603 817 1688 gerat?

104 1689 175 1775 ipsa
193 1709 301 1753 eomas
318 1697 437 1773 pectar,
455 1688 549 1774 galea
567 1699 663 1773 caput
678 1688 733 1752 ille
750 1699 926 1775 prematur:

146 1774 219 1859 ipsa
235 1795 335 1838 novas
352 1784 470 1850 vestes,
490 1774 570 1838 dura
587 1775 636 1838 vir
654 1797 742 1839 arma
760 1775 859 1840 ferat?

106 1881 170 1944 qua
187 1881 332 1945 possum,
351 1860 498 1942 squalore
515 1871 588 1924 tuos
605 1860 728 1924 imitata
743 1862 869 1926 labores

149 1945 237 2009 dicar
255 1944 383 2011 ethaeo
401 1945 476 2010 belli
493 1956 638 2031 tempora
655 1945 753 2011 tristis
772 1969 875 2032 agam.

105 2029 249 2118 Dyspari
266 2029 442 2106 Priamide,
462 2030 578 2095 damno
596 2032 734 2096 formose
752 2043 888 2110 tuorum,

149 2128 216 2181 tam
233 2115 276 2180 sis
294 2116 392 2181 hostis
409 2115 508 2192 iners,
527 2138 623 2199 quam
641 2118 744 2181 malus
762 2118 877 2203 hospes
895 2140 976 2185 eras.

105 2213 162 2268 aut
179 2213 211 2267 te
228 2201 405 2266 Taenariae
422 2202 537 2267 faciem
556 2203 701 2289 culpasse
718 2204 860 2281 maritae,

148 2298 206 2352 aut
222 2287 268 2351 illi
286 2287 401 2353 vellem
419 2287 616 2375 displicuisse
634 2302 731 2353 tuam.

106 2384 157 2451 tu,
175 2373 231 2456 qui
248 2394 306 2457 pro
323 2385 414 2459 rapta
430 2372 579 2450 nimium,
598 2373 762 2451 Menelae,
780 2373 917 2451 laboras,

149 2458 179 2524 ei
198 2458 289 2534 mihi,
308 2480 404 2541 quam
422 2459 530 2523 multis
547 2459 661 2523 flebilis
679 2461 763 2524 ultor
780 2460 856 2525 cris!

106 2544 154 2620 di,
172 2565 295 2630 precor,
314 2567 333 2607 a
350 2544 442 2608 nobis
460 2567 554 2609 omen
571 2557 731 2610 removete
749 2546 921 2623 sinistrum,

149 2643 181 2694 et
199 2651 259 2694 sua
276 2629 330 2694 det
346 2630 456 2694 reduci
473 2631 522 2694 vir
538 2653 629 2695 meus
648 2654 735 2696 arma
753 2631 832 2695 lovi.

106 2715 164 2781 sed
181 2714 292 2790 timeo,
311 2715 456 2798 quotiens
475 2716 571 2781 subiit
589 2717 767 2780 miserabile
785 2717 919 2781 bellum:

148 2822 238 2865 more
254 2800 337 2868 nivis
354 2801 504 2867 lacrimae
523 2803 588 2866 sole
607 2802 763 2866 madentis
782 2812 867 2866 eunt.

106 2888 190 2952 Ilion
208 2896 240 2950 et
257 2885 405 2951 Tenedos
425 2885 607 2971 Simoisque
625 2899 658 2952 et
675 2886 827 2952 Xanthus
846 2897 877 2952 ct
895 2888 955 2954 lde

147 2971 280 3036 nomina
298 2983 372 3038 sunt
388 2973 458 3059 ipso
476 2996 577 3060 paene
596 2974 736 3038 timenda
754 2995 842 3038 sono.

105 3081 166 3125 nec
183 3079 296 3143 rapere
314 3081 464 3136 ausurus,
482 3059 543 3123 nisi
562 3082 594 3125 se
614 3059 784 3124 defendere
801 3071 917 3146 posset,

149 3144 267 3229 hospes
285 3154 367 3208 erat:
385 3143 469 3209 vires
486 3157 618 3209 noverat
635 3145 688 3210 ille
707 3168 791 3210 suas.

107 3239 254 3306 venerat,
272 3239 308 3294 ut
324 3229 412 3294 fama
429 3241 492 3306 est,
511 3232 610 3295 multo
628 3232 809 3316 spectabilis
828 3253 916 3309 auro,

150 3315 270 3400 quique
288 3338 345 3380 suo
363 3316 523 3402 Phrygias
542 3338 673 3402 corpore
691 3317 788 3383 ferret
806 3340 893 3403 opes,

107 3403 210 3467 classe
227 3401 366 3483 virisque
382 3413 512 3487 potens,
530 3423 588 3488 per
604 3422 687 3485 quac
704 3402 773 3467 fera
790 3404 874 3468 bella
891 3414 1059 3489 geruntur:

152 3497 184 3554 et
202 3486 346 3571 sequitur
362 3487 453 3573 regni
470 3510 544 3572 pars
562 3500 659 3569 quota
677 3509 836 3572 quemque
855 3490 922 3553 sui?

108 3574 159 3639 his
177 3594 238 3659 ego
256 3582 288 3637 te
307 3572 437 3649 victam,
456 3594 585 3637 consors
603 3573 735 3639 Ledaea
751 3575 906 3660 gemellis,

152 3658 310 3744 suspicor:
328 3659 408 3724 haec
425 3657 549 3723 Danais
566 3680 660 3743 posse
677 3682 792 3724 nocere
810 3671 898 3746 puto.

109 3746 252 3811 Hectora
268 3744 376 3808 nescio
394 3765 489 3828 quem
507 3745 617 3809 timeo:
635 3744 728 3810 Paris
745 3746 888 3810 Hectora
906 3745 985 3810 dixit

152 3832 256 3896 ferrea
273 3830 449 3916 sanguinea
465 3831 549 3895 bella
566 3853 694 3896 movere
711 3855 818 3896 manu.

109 3917 265 3992 Hectora,
284 3916 427 3999 quisquis
445 3916 471 3980 is
490 3927 550 3994 est,
570 3916 597 3980 si
615 3940 685 3981 sum
703 3918 760 3982 tibi
778 3940 865 3995 cara,
884 3930 1009 3986 caveto:

154 4002 314 4088 signatum
331 4001 463 4066 memori
480 4012 607 4086 pectore
624 4025 740 4068 nomen
757 4003 849 4069 habe.

110 4087 197 4157 bunc
213 4087 271 4157 ubi
288 4087 411 4167 vitaris,
431 4087 509 4157 alios
526 4087 626 4157 vitare
643 4102 802 4160 memento
