2604 4974
232 274 347 333 ARTIS
364 276 594 334 AMATORIAE
612 274 686 331 L1B.
705 271 742 330 112
761 269 906 331 446-633.

100 402 155 467 illa
173 400 233 466 seri
250 401 393 484 requiem
410 402 479 467 sola
494 401 611 465 doloris
630 399 758 474 habent,

58 488 116 554 illa
133 487 343 552 Machaonios
361 497 512 572 superant
529 486 739 551 medicamina
757 505 862 547 sucos:

104 574 167 651 his,
185 573 242 637 ubi
258 572 415 658 peccaris,
433 572 646 638 restituendus
665 571 735 636 eris.
752 605 796 614 -

58 660 137 725 baec
155 680 214 760 ego
233 681 304 723 cum
323 680 483 735 canerem,
503 658 607 723 subito
625 656 811 723 manifestus
829 655 947 740 Apollo

101 755 201 809 movrt
216 745 380 808 inauratae
398 744 512 828 pollice
530 744 584 807 fila
601 744 699 828 lyrae.

58 832 92 896 in
108 830 254 894 manibus
271 831 395 905 laurus,
414 830 511 893 sacris
529 829 641 895 induta
658 828 780 913 capillis

101 919 209 981 laurus
228 927 304 980 erat.
349 927 438 980 vates
455 915 508 980 ille
526 915 682 980 videndus
699 914 776 1000 agit.

58 1003 85 1069 is
104 1001 182 1066 mihi
199 1001 337 1066 ‘lascivi'
357 1001 436 1065 dixit
453 1006 654 1086 ‘praeceptor
671 1000 811 1076 Amoris,

102 1089 177 1162 duo,
195 1110 271 1187 age,
288 1087 461 1172 discipulos
479 1086 520 1150 ad
537 1110 609 1152 mea
626 1087 743 1171 templa
759 1097 843 1163 tuos,

59 1186 108 1240 est
124 1172 180 1238 ubi
198 1173 357 1238 d1versum
375 1173 462 1236 fama
480 1173 639 1237 celebrata
655 1195 713 1257 per
730 1171 840 1236 orbem

101 1260 219 1335 littera,
238 1259 387 1344 cognosci
404 1279 487 1342 quae
505 1258 566 1322 sibi
583 1279 741 1342 quemque
758 1256 856 1321 iubet.

59 1346 116 1429 qui
133 1344 192 1408 sibi
210 1355 304 1409 notus
323 1345 396 1420 erit,
415 1344 500 1409 solus
518 1344 677 1428 sapienter
694 1343 814 1407 amabit

102 1442 197 1514 atque
215 1452 296 1515 opus
315 1430 355 1494 ad
374 1430 456 1494 vires
473 1430 581 1515 exiget
598 1451 692 1494 omne
709 1452 793 1494 suas.

61 1517 112 1582 cui
129 1516 243 1581 faciem
260 1527 374 1580 natura
391 1515 493 1591 dedit,
510 1527 670 1600 spectetur
688 1515 729 1579 ab
745 1515 813 1582 illa:

103 1603 155 1668 cui
173 1602 259 1666 color
276 1612 338 1676 est,
357 1623 467 1666 umero
485 1624 579 1686 saepe
597 1612 726 1687 patente
743 1599 852 1666 cubet:

60 1689 116 1772 qui
133 1708 277 1754 sermone
294 1687 412 1772 placet,
430 1687 587 1752 taciturna
604 1687 727 1752 silentia
745 1686 835 1751 vitet:

103 1775 158 1857 qui
177 1774 261 1839 canit
278 1784 360 1849 arte,
379 1783 485 1839 canat:
503 1774 559 1856 qui
578 1773 658 1837 bibit
675 1784 756 1849 arte,
774 1772 872 1835 bibat

61 1860 118 1924 sed
134 1880 238 1943 neque
257 1859 433 1925 declament
450 1860 555 1926 medio
573 1881 717 1925 sermone
735 1857 853 1934 diserti,

102 1967 161 2010 nec
179 1968 237 2010 sua
254 1967 318 2009 non
335 1968 431 2010 sanus
450 1946 567 2032 scripta
584 1955 679 2031 poeta
696 1943 810 2029 legatl’

61 2031 107 2096 sic
123 2031 246 2095 monuit
261 2031 427 2096 Phoebus:
445 2031 578 2097 Phoebo
596 2044 704 2116 parete
722 2028 872 2095 monenti.

103 2127 189 2183 certa
206 2117 258 2181 dei
276 2138 365 2181 sacro
383 2127 430 2182 est
448 2117 541 2181 huius
558 2118 592 2181 in
610 2139 664 2182 ore
681 2117 770 2182 fides.
787 2152 831 2163 -

61 2203 103 2267 ad
119 2202 266 2288 propiora
284 2223 388 2266 vocor.
432 2202 574 2286 quisquis
592 2202 751 2288 sapienter
767 2201 896 2277 amabit,

103 2289 207 2353 vincet
225 2300 256 2352 et
274 2311 291 2352 e
309 2302 430 2365 nostra,
449 2289 535 2372 quod
551 2300 652 2373 petet,
670 2300 737 2353 arte
755 2287 844 2352 seret.

63 2373 182 2440 credita
198 2396 262 2438 non
280 2396 404 2458 semper
421 2375 500 2439 sulci
518 2397 592 2439 cum
609 2374 739 2440 foenore
756 2373 902 2450 reddunt,

102 2481 163 2524 nec
179 2482 304 2544 semper
321 2460 434 2524 dubias
451 2460 581 2525 adiuvat
599 2483 676 2525 aura
693 2472 786 2524 rates.

60 2545 147 2631 quod
164 2545 266 2620 iuvat,
284 2546 451 2630 exiguumz
469 2546 541 2631 plus
560 2558 621 2622 est,
639 2545 726 2628 quod
742 2544 848 2608 laedat
865 2555 1016 2611 amantes.

104 2642 282 2716 proponant
300 2631 404 2695 animo
423 2633 523 2696 multa
539 2631 671 2696 ferenda
688 2652 756 2695 sua.

60 2729 138 2801 quot
154 2717 277 2801 lepores
295 2716 326 2779 in
348 2716 448 2791 Atho,
466 2728 544 2801 quot
562 2739 637 2803 apes
654 2729 828 2801 pascuntur
844 2715 878 2779 in
895 2715 1014 2800 Hybla,

105 2803 233 2867 caerula
250 2812 327 2885 quot
344 2802 439 2867 bacas
457 2802 598 2867 Palladis
616 2803 711 2866 arbor
728 2801 833 2878 habet,

60 2886 150 2954 litore
169 2901 246 2971 quot
263 2888 415 2963 conchae,
433 2900 480 2953 tot
498 2888 621 2953 suntin
640 2909 747 2953 amore
765 2887 898 2952 dolores.

104 2995 186 3056 quae
203 2973 350 3058 patimur,
368 2975 467 3039 multo
486 2973 608 3059 spicula
625 2974 699 3039 selle
715 2973 853 3038 madent

61 3058 147 3122 diota
164 3059 223 3124 erit
239 3059 301 3124 isse
319 3059 419 3135 foras,
437 3081 535 3143 quom
553 3071 588 3125 tu
606 3061 739 3125 fortasse
757 3058 895 3124 videres:

103 3145 166 3209 isse
183 3145 283 3220 foras,
302 3156 334 3209 et
351 3157 381 3210 te
398 3146 480 3213 falsa
497 3147 604 3213 videre
622 3157 708 3232 puta.

61 3231 169 3295 clausa
185 3230 244 3293 tibi
261 3230 356 3294 fuerit
374 3233 529 3316 promissa
545 3233 640 3296 ianua
658 3241 763 3296 nocte:

104 3314 209 3400 perfer
226 3327 257 3380 et
273 3316 428 3382 inmunda
445 3340 561 3403 ponere
580 3339 694 3402 corpus
712 3317 820 3381 humo.

61 3399 193 3465 forsitan
211 3412 242 3465 et
259 3403 348 3465 vultu
370 3404 507 3468 mendax
525 3404 639 3468 ancilla
657 3403 793 3488 superbo

10 3514 13 3533 ·
104 3487 188 3551 dicet
205 3486 296 3569 ‘quid
314 3500 436 3551 nostras
455 3488 578 3552 obsidet
595 3489 653 3552 iste
671 3487 788 3554 foresl'

61 3571 205 3657 postibus
223 3582 254 3636 et
272 3571 370 3637 durae
387 3574 522 3672 supplex
539 3573 681 3638 blandire
699 3574 824 3659 puellae

104 3668 136 3722 et
153 3656 248 3806 capiti
265 3657 409 3742 demptas
426 3682 460 3722 rn
477 3659 545 3723 fore
562 3681 645 3744 pone
661 3681 758 3724 rosas.

62 3765 135 3807 oum
153 3765 194 3807 vo
207 3756 252 3818 et,
270 3742 415 3808 accedes:
435 3765 508 3808 oum
524 3756 557 3810 te
576 3744 702 3820 vitabit,
721 3744 832 3809 abibis.

105 3829 237 3894 dedecet
252 3827 408 3914 ingenuos
425 3831 530 3895 taedia
547 3830 630 3895 ferre
648 3831 706 3895 sui.

62 3913 219 4000 ‘effugere
236 3913 321 3979 hunc
338 3937 403 3979 non
420 3915 491 3992 est,’
510 3938 587 3980 cave
604 3939 645 3980 ne
662 3915 720 3979 tibi
737 3916 837 4001 possit
853 3917 957 3981 amica

105 4001 223 4065 dicere:
240 4021 305 4064 non
322 4001 407 4064 omni
425 4011 566 4086 ternpore
584 4024 694 4067 sensus
712 4003 810 4066 adest.

62 4107 121 4153 nec
139 4085 308 4152 maledicta
324 4097 403 4173 puta
419 4109 478 4152 nec
496 4086 629 4155 uerbera
645 4088 728 4152 ferre
745 4087 870 4174 puellae

1019 254 1079 326 171

1100 419 1151 468 490
