2604 4974
197 706 238 772 12
534 718 567 775 Ρ.
587 718 696 777 OVIDI
713 714 875 775 NASONIS

238 870 256 908 a
274 844 332 909 tibi
350 856 496 930 suspecto
514 842 602 909 ducit
618 842 715 909 Ulixe
733 867 844 930 genus.

195 932 236 994 da
253 931 393 1006 veniam,
411 952 566 1014 servaque
583 931 672 994 duos.
716 940 804 994 natat
820 929 887 993 ille:
906 928 962 992 sed
979 928 1079 993 isdem

129 1037 176 1085 150
236 1038 350 1100 corpus
368 1015 523 1094 Leandri,
542 1039 614 1101 spes
632 1038 703 1081 mea
720 1016 838 1100 pendet
855 1013 955 1097 aquis.

195 1101 327 1167 sternuit
344 1113 376 1166 et
392 1102 501 1167 lumen
518 1101 679 1186 —posito
696 1123 770 1165 nam
789 1100 955 1164 scribimus
972 1099 1027 1163 illo
1044 1137 1087 1146 —-

237 1186 370 1252 sternuit
387 1198 418 1251 et
435 1187 527 1251 nobis
544 1209 695 1272 prospera
712 1187 804 1272 signa
821 1186 917 1250 dedit.

195 1295 268 1338 ecce
285 1295 409 1337 merum
426 1272 533 1336 nutrix
550 1271 672 1336 faustos
688 1272 818 1336 instillat
834 1273 867 1335 in
884 1271 985 1356 ignes,

238 1357 400 1442 ‘cras’que
420 1359 551 1422 ‘erimus
568 1357 689 1443 plures'
707 1358 809 1440 inquit
826 1369 858 1421 et
874 1357 944 1441 ipsa
961 1357 1052 1422 bibit.

129 1465 176 1513 155
196 1445 286 1510 effice
303 1465 361 1509 nos
379 1444 500 1528 plures,
518 1443 621 1508 evicta
637 1465 695 1528 per
712 1464 850 1526 aequora
866 1443 985 1527 lapsus,

236 1552 255 1594 o
273 1529 398 1614 penitus
417 1540 481 1593 toto
500 1528 594 1611 corde
611 1539 736 1614 recepte
753 1528 845 1593 mihil

193 1617 227 1681 in
244 1627 300 1680 tua
317 1626 420 1679 castra
437 1614 519 1692 redi,
537 1613 614 1679 socii
632 1614 773 1678 desertor
790 1613 915 1678 amoris.

236 1711 397 1787 ponuntur
412 1700 518 1765 medio
535 1721 592 1764 our
608 1722 680 1765 mea
697 1700 839 1764 membra
856 1699 943 1763 toro?

194 1786 280 1873 quod
299 1786 424 1862 timeas,
441 1807 505 1850 non
524 1796 581 1850 est.
624 1807 702 1850 auso
719 1786 830 1852 Venus
847 1786 916 1871 ipsa
933 1785 1053 1850 favebit

129 1893 177 1941 160
237 1883 355 1936 sternet
372 1882 405 1936 et
421 1893 595 1955 aequoreas
613 1892 750 1956 aequore
766 1882 842 1936 nata
859 1871 937 1935 vias.

194 1958 239 2023 ire
257 1957 335 2022 libet
351 1957 472 2022 medias
488 1957 644 2044 ipsi-mihi
661 1979 756 2043 saepe
773 1979 831 2042 per
846 1957 962 2020 undas:

238 2043 294 2108 scd
312 2043 391 2108 solet
407 2043 468 2108 hoc
485 2043 625 2108 maribus
643 2044 741 2107 tutius
759 2065 827 2108 esse
844 2041 971 2107 fretum.

195 2153 270 2194 nam
288 2152 345 2193 cur
360 2129 422 2193 hac
438 2129 536 2193 vectis
553 2128 674 2193 Phrixo
691 2128 867 2212 Phrixique
885 2150 991 2193 sorore
1061 2156 1063 2161 ·

238 2215 305 2280 sola
322 2215 409 2279 dedit
426 2215 523 2278 vastis
541 2213 660 2278 femina
677 2235 792 2278 nomen
809 2213 919 2297 aquis?

129 2322 177 2371 105
195 2300 327 2365 forsitan
345 2299 387 2364 ad
404 2300 540 2365 reditum
557 2310 679 2364 metuas
696 2322 736 2364 ne
754 2310 896 2385 tempora
914 2298 1027 2371 desint,

238 2396 292 2450 aut
309 2385 428 2472 gemini
445 2407 584 2469 nequeas
601 2384 683 2450 ferre
700 2385 817 2449 laboris
834 2384 933 2449 onus?

197 2482 229 2536 at
245 2492 303 2536 nos
322 2471 438 2536 diversi
456 2471 595 2536 medium
613 2493 761 2535 coeamus
778 2471 811 2535 in
829 2491 948 2554 aequor

239 2557 395 2640 obviaque
413 2556 446 2620 in
465 2556 595 2621 summis
614 2556 722 2620 oscula
740 2557 851 2621 demus
870 2556 960 2639 aquis

196 2653 290 2727 atque
308 2643 352 2706 ita
369 2643 502 2726 quisque
520 2664 593 2706 suas
610 2642 726 2706 iterum
742 2641 909 2706 redeamus
927 2641 968 2705 ad
985 2643 1094 2706 urbes:

130 2750 179 2799 110
238 2729 403 2814 exiguum,
422 2728 477 2792 sed
495 2727 567 2811 plus
585 2748 681 2810 quam
698 2727 776 2791 nihil
793 2727 872 2792 illud
889 2727 957 2791 erit.

196 2814 246 2880 vel
265 2814 368 2900 pudor
383 2813 436 2878 hic
453 2812 589 2890 utinam,
608 2814 737 2896 quinos
755 2814 837 2878 olam
855 2813 941 2898 cogit
956 2835 1073 2888 amare,

239 2901 290 2964 vel
307 2899 436 2964 timidus
453 2899 558 2965 famae
577 2900 688 2964 cedere
706 2899 800 2964 vellet
817 2898 917 2963 amorl

195 3008 280 3050 nunc
297 2986 380 3050 male
397 3007 448 3049 res
465 2985 607 3061 iunctae,
626 2985 711 3049 calor
729 2995 760 3048 et
776 2984 964 3059 reverentia,
983 2993 1141 3069 pugnant:

238 3071 315 3155 quid
333 3093 460 3156 sequar,
478 3071 510 3134 in
529 3070 625 3135 dubio
644 3081 705 3134 est:
723 3070 802 3135 haec
820 3071 924 3145 dccet,
941 3070 993 3135 ille
1010 3069 1108 3134 iuvat.

131 3177 179 3226 115
196 3167 232 3222 ut
249 3157 346 3222 semel
364 3156 493 3221 intravit
511 3153 649 3221 Colchos
666 3156 832 3241 Pagaseus
849 3156 955 3233 Iason,

239 3243 420 3328 impositam
437 3242 531 3307 celeri
547 3242 688 3306 Phasida
705 3264 811 3327 puppe
829 3241 914 3304 tulit:

197 3338 233 3392 ut
250 3329 347 3393 semel
364 3328 480 3393 Idaeus
498 3327 742 3393 Lacedaemona
759 3327 845 3391 venit
862 3327 994 3402 adulter,

240 3436 312 3478 cum
331 3414 449 3499 praeda
466 3413 559 3478 rediit
576 3413 718 3499 protinus
735 3412 788 3475 ille
807 3435 873 3476 sua.

170 3504 184 3513 “’
198 3511 232 3564 tu
249 3520 346 3582 quam
364 3521 458 3584 saepe
476 3498 557 3584 petis
576 3499 660 3581 quod
678 3520 780 3572 amas,
798 3508 863 3561 tam
882 3520 976 3583 saepe
994 3497 1155 3582 relinquis,

131 3605 179 3654 180
241 3597 272 3649 et
290 3585 434 3668 quotiens
452 3606 550 3670 grave
567 3584 603 3646 fit
620 3582 780 3668 puppibus
798 3583 858 3660 ire,
876 3594 977 3647 natas.

197 3671 243 3734 sic
261 3681 381 3745 tamen,
399 3691 418 3733 o
436 3667 574 3744 iuvenis,
592 3669 783 3732 tumidarum
801 3669 902 3733 victor
919 3691 1082 3753 aquarum,

240 3756 285 3820 sic
302 3754 398 3820 facito
417 3776 559 3840 spernas,
577 3765 614 3818 ut
631 3776 773 3832 vereare,
791 3753 917 3819 fretum.

197 3853 264 3906 arte
280 3841 441 3905 laboratae
458 3850 644 3925 merguntur
661 3840 702 3903 ab
720 3861 856 3924 aequore
873 3863 985 3911 naves:

239 3939 273 3991 tu
291 3936 348 3990 tua
364 3926 435 4010 plus
453 3924 546 3990 remis
564 3925 713 3990 bracchia
729 3947 821 4010 posse
839 3926 950 4011 putas?

132 4033 178 4084 185
197 4011 283 4097 quod
301 4011 405 4096 cupis,
423 4011 483 4074 hoc
500 4021 616 4075 nautae
633 4021 790 4087 metuunt,
809 4010 971 4088 Leandre,
989 4023 1112 4077 nataret

240 4095 342 4162 exitus
359 4097 412 4160 hic
429 4096 536 4161 fractis
554 4096 715 4181 puppibus
733 4119 801 4161 esse
820 4098 909 4162 solet

196 4205 247 4248 me
264 4180 425 4247 miseraml
453 4181 546 4267 cupio
563 4203 627 4245 non
644 4183 834 4266 persuadere
852 4183 939 4265 quod
955 4183 1072 4259 hortor,

239 4267 359 4351 sisque,
377 4290 497 4353 precor,
514 4265 641 4331 monitis
658 4267 770 4331 fortior
785 4267 853 4352 ipse
871 4269 964 4333 meis:

197 4353 369 4418 dummodo
386 4352 550 4439 pervenias
568 4373 765 4436 excussaque
783 4375 877 4437 saepe
894 4376 952 4439 per
968 4354 1070 4418 undas

83 4510 88 4515 .
130 4458 180 4513 lac
238 4436 349 4504 inicias
366 4439 483 4504 umeris
500 4438 649 4503 bracchia
665 4438 750 4502 lassa
765 4438 854 4521 meis.

81 4588 84 4605 ,
196 4523 254 4591 'sed
270 4523 363 4603 mihi,
379 4524 540 4591 caeruleas
557 4522 702 4612 quotiens
721 4523 868 4591 obvertor
885 4523 926 4591 ad
943 4523 1055 4607 undas,
