2604 4974
324 221 491 279 nnoauu
506 221 578 278 nm.
599 221 652 279 111.
669 219 914 292 x1,9-xu,4a
1067 204 1130 275 135

582 413 664 481 XII.

112 517 195 602 Quis
213 519 273 585 fuit
289 520 342 586 ille
360 521 442 598 dies,
460 543 523 605 quo
541 521 642 586 tristia
659 544 783 607 semper
800 522 918 586 amanti

154 606 261 670 omina
277 628 340 670 non
359 607 450 671 albae
468 607 670 672 concinuistis
689 608 782 672 aves?

111 692 237 775 quodve
254 704 362 776 putem
380 692 467 757 sidus
484 693 598 757 nostris
616 715 778 758 occurrere
796 692 879 768 fatis,

153 798 272 860 quosve
291 777 366 842 deos
383 777 417 843 in
434 801 485 843 me
504 778 587 843 bella
602 801 730 844 movere
748 777 881 861 querar?

111 883 193 946 quae
211 862 305 927 modo
324 863 408 928 dicta
426 886 497 929 mea
514 873 576 940 est,
593 885 691 946 quam
709 863 798 948 coepi
816 863 901 928 solus
919 884 1036 940 amare,
1146 881 1163 932 a

153 970 226 1011 oum
243 949 349 1012 multis
367 971 478 1014 vereor
493 973 534 1014 ne
552 950 593 1014 sit
609 949 756 1015 habenda
773 949 859 1014 mihi.

110 1033 269 1097 fallimur?
285 1057 326 1098 an
344 1034 459 1099 nostris
476 1034 612 1100 innotuit
629 1035 683 1099 illa
700 1034 832 1099 libellis?

152 1118 198 1183 sio
216 1119 287 1183 erit:
305 1119 433 1205 ingenio
452 1121 587 1206 prostitit
603 1121 658 1185 illa
674 1143 756 1186 meo.

110 1214 141 1269 et
158 1205 279 1269 merito.
321 1206 398 1288 quid
417 1207 500 1271 enim
517 1207 638 1271 formae
655 1205 824 1292 praeconia
840 1205 921 1271 feci?

152 1290 319 1355 vendibilis
337 1292 431 1376 culpa
448 1292 533 1356 facta
549 1293 655 1376 puella
672 1315 744 1356 mea
761 1305 817 1357 est.

109 1399 160 1440 me
178 1377 290 1441 lenone
307 1378 425 1461 placet,
444 1377 525 1442 duce
542 1400 593 1442 me
611 1378 782 1463 perductus
800 1389 931 1454 amator,

151 1461 247 1525 ianua
264 1485 321 1546 per
337 1473 460 1526 nostras
478 1474 526 1527 est
544 1463 695 1549 adaperta
710 1486 834 1527 manus.

109 1570 150 1610 an
168 1547 304 1631 prosint,
323 1547 469 1612 dubium:
488 1560 663 1614 nocuerunt
681 1549 820 1613 carmina
838 1571 970 1634 semper.

151 1632 289 1697 invidiae
306 1634 421 1697 nostris
438 1634 492 1697 illa
509 1635 597 1700 fuere
615 1634 716 1699 bonis.

109 1741 182 1782 cum
200 1718 325 1794 Thebe,
344 1741 416 1783 cum
434 1720 531 1784 Troia
548 1720 643 1797 foret,
662 1743 734 1786 cnm
753 1717 900 1785 Caesaris
918 1731 999 1798 acta,

151 1803 314 1888 ingenium
331 1805 430 1868 movit
447 1806 514 1869 sola
533 1803 672 1870 Corinna
688 1829 805 1871 meum.

108 1890 227 1954 aversis
244 1888 366 1954 utinam
383 1890 555 1976 tetigissem
574 1892 712 1956 carmina
728 1891 844 1967 Musis,

150 1974 302 2039 Phoebus
319 1986 351 2040 et
368 1975 529 2061 inceptum
547 1977 738 2042 destituisset
755 1977 850 2063 opusl

107 2080 168 2126 nec
185 2071 290 2125 tamen
308 2072 344 2125 ut
361 2073 457 2128 testes
475 2084 542 2126 mos
560 2073 608 2127 est
626 2063 735 2128 audire
752 2075 873 2148 poetas.

151 2146 324 2212 malueram
341 2147 446 2212 verbis
463 2148 586 2232 pondus
604 2149 715 2214 abesse
733 2149 822 2213 meis.

107 2253 239 2318 pennos
259 2231 367 2316 Scylla
384 2234 465 2317 patri
483 2256 578 2298 canos
596 2234 700 2299 furata
718 2234 848 2319 capillos

150 2317 234 2402 pube
252 2318 367 2402 premit
383 2318 510 2382 rabidos
527 2319 773 2404 inguinibusque
791 2340 900 2385 canes:

107 2425 164 2466 nos
183 2402 316 2486 pedibus
333 2403 445 2488 pinnas
463 2403 621 2468 dedimus:
639 2427 697 2468 nos
716 2405 854 2469 crinibus
872 2429 1006 2492 angues:

150 2488 250 2552 victor
267 2488 465 2553 Abantiades
483 2489 558 2554 alite
576 2489 676 2554 fertur
694 2512 790 2574 equo:

106 2573 191 2638 idem
208 2595 266 2657 per
282 2575 419 2658 spatium
437 2575 555 2659 Tityon
572 2576 769 2660 porreximus
786 2575 898 2660 ingens

149 2671 182 2723 et
198 2659 258 2723 tria
276 2659 402 2744 vipereo
421 2661 552 2725 fecimus
570 2683 625 2724 ora
642 2661 727 2725 cani:

106 2744 239 2808 fecimus
257 2743 442 2809 Enceladon
459 2745 650 2812 iaculantem
666 2747 752 2810 mille
768 2746 904 2824 lacertis,

149 2830 318 2916 ambiguae
336 2843 445 2915 captos
463 2831 593 2916 virginis
612 2854 665 2895 ore
683 2832 781 2896 viros:

106 2915 236 2979 Aeolios
255 2916 372 2979 Ithacis
390 2916 575 2982 inclusimus
592 2916 715 2982 utribus
734 2939 840 2981 euros:

147 3000 287 3086 proditor
304 3002 337 3064 in
355 3002 458 3065 medio
475 3002 629 3067 Tantalus
647 3025 739 3068 amne
757 3003 835 3067 sitit:

106 3087 146 3150 de
163 3085 266 3151 Niobe
284 3086 418 3162 silicem,
437 3088 475 3152 de
494 3089 615 3174 virgine
632 3089 765 3153 fecimus
783 3112 903 3152 ursam:

149 3171 285 3236 concinit
303 3169 477 3256 Odrysium
497 3171 648 3260 Cecropis
666 3174 730 3238 ales
748 3174 837 3258 Ityn:

107 3257 249 3342 Iuppiter
266 3270 321 3321 aut
338 3258 370 3321 in
389 3281 464 3322 aves
482 3271 537 3322 aut
554 3283 588 3324 se
605 3259 808 3324 transformat
825 3260 859 3324 in
876 3283 988 3324 aurum

148 3354 202 3406 aut
220 3355 306 3407 secat
323 3343 459 3427 inposita
476 3345 525 3408 vir
547 3344 597 3409 ine
616 3357 725 3409 taurus
743 3367 856 3429 aquas:

104 3427 223 3493 Protea
241 3428 317 3511 quid
335 3428 484 3504 referam,
502 3367 720 3512 Tirebanaque
738 3431 858 3495 semina
875 3431 999 3509 dentes3

147 3512 200 3596 qui
220 3528 382 3578 vomerent
399 3514 541 3578 flammas
560 3537 627 3591 ore,
646 3516 744 3580 fuisse
761 3516 869 3591 boves,

105 3599 179 3663 flere
197 3599 287 3684 genis
306 3599 422 3664 electra
440 3611 525 3675 tuas,
543 3600 668 3686 auriga,
686 3623 818 3677 sorores,

148 3705 291 3767 quaeque
309 3699 392 3749 rates
410 3684 541 3762 fuerint,
559 3709 644 3750 nuno
662 3687 757 3750 maris
776 3710 845 3752 esse
863 3687 949 3762 deas,

105 3791 314 3852 aversumque
333 3770 416 3834 diem
433 3771 550 3835 mensis
568 3771 732 3836 furialibus
750 3772 852 3848 Atrei,

148 3855 289 3936 duraque
307 3879 488 3939 percussam
507 3881 584 3921 saxa
601 3870 710 3922 secuta
727 3857 847 3941 lyram?

105 3941 169 4003 exit
186 3940 218 4003 in
236 3941 411 4004 inmensum
430 3942 568 4007 fecunda
584 3943 711 4008 licentia
728 3956 847 4021 vatum,

148 4025 269 4109 obligat
285 4025 432 4090 historica
449 4050 508 4093 nec
526 4051 584 4092 sua
601 4029 699 4093 verba
716 4027 787 4094 fide.
