2604 4974
224 277 430 336 Ennomon
446 278 525 337 xus.
543 278 686 337 massa
707 278 797 333 xvn.
817 279 909 334 1—15.
1035 261 1077 334 63

101 418 192 485 parta
209 423 266 485 per
283 401 447 467 arbitrium
464 401 540 466 bina-
557 412 687 486 tropaea
705 411 805 477 tuum,

57 487 102 551 sic
120 486 189 550 illas
207 508 332 563 vereor,
351 508 449 569 quae,
466 486 493 550 si
511 498 566 551 tua
583 487 685 573 gloria
702 508 777 551 vera
795 497 852 563 est,

99 571 204 636 iudice
222 582 253 636 te
271 593 400 639 causam
417 593 480 636 non
498 583 627 636 tenuere
646 572 738 637 duae.

56 677 116 720 nec
133 657 258 733 dubito,
276 656 367 740 quin,
386 669 417 722 te
435 656 461 721 si
479 679 661 757 prosequar,
680 680 768 721 arma
785 668 944 741 parentur.
1096 675 1145 725 245

100 743 157 806 ibit
175 765 231 828 per
247 741 385 828 gladios,
404 742 433 807 ei
451 742 540 807 mihil
568 754 675 806 noster
693 764 790 811 antor.

56 850 98 890 an
115 828 184 892 fera
202 824 371 892 Centauris
388 827 526 893 indicere
544 827 627 891 bella
645 828 748 911 coegit

100 913 229 977 Atracis
246 913 442 978 Haemonios
459 913 677 998 Hippodamia
694 913 787 987 viros,

56 1009 92 1062 tu
110 998 179 1062 fore
196 1009 262 1062 tam
278 999 362 1062 iusta
379 998 499 1062 lentum
517 998 688 1062 Menelaon
705 997 736 1060 in
755 998 803 1061 ira

101 1095 132 1148 st
149 1083 293 1168 geminos
310 1082 424 1148 fratres
441 1083 711 1168 Tyndareumque
728 1083 840 1168 putas?

57 1169 144 1252 quod
161 1169 243 1233 bene
261 1179 292 1234 ts
308 1168 406 1233 iactes
424 1180 455 1233 et
472 1168 566 1234 fortia
583 1168 668 1236 tacta
674 1168 832 1256 loquaris,

100 1278 120 1318 a
137 1254 243 1318 verbis
260 1253 358 1317 facies
377 1253 509 1318 dissidet
525 1253 587 1317 ista
605 1253 707 1341 suis„

55 1352 132 1424 apta
149 1340 251 1424 magis
270 1338 402 1415 Veneri,
421 1361 518 1422 quam
536 1349 610 1403 sunt
627 1352 683 1404 tua
701 1326 833 1424 ciitpora
849 1339 958 1404 Marti.

98 1425 184 1488 bella
200 1435 312 1510 gerant
329 1423 442 1488 fortes:
461 1438 511 1500 tu,
529 1423 620 1501 Pari,
638 1446 762 1508 semper
780 1448 860 1489 ama.

54 1511 211 1586 Hectora,
231 1531 326 1593 quem
343 1509 469 1585 laudas,
487 1531 545 1594 pro
564 1521 594 1572 te
612 1532 756 1595 pugnare
773 1510 894 1575 iubeto:
1097 1529 1145 1578 255

98 1595 210 1659 militia
228 1607 275 1659 est
293 1595 396 1680 operis
414 1596 513 1659 altera
530 1595 627 1680 digna
645 1594 717 1658 tuis.

54 1680 105 1744 his
125 1703 200 1766 ego,
219 1681 246 1745 si
263 1703 406 1765 saperem
423 1681 582 1765 pauloque
601 1679 750 1746 audacior
767 1703 878 1758 essem,

99 1776 265 1830 uterer-
280 1777 401 1842 utetur,
419 1766 510 1849 siqua
527 1766 634 1851 puella
651 1765 734 1851 sapit
750 1802 793 1813 —

56 1862 111 1915 aut
129 1873 147 1915 e
172 1873 190 1915 o
208 1851 350 1937 deposito
367 1851 483 1917 faciam
500 1852 634 1917 fortasse
652 1852 772 1936 pudore

99 1949 131 2000 et
147 1874 233 2000 dabo
250 1936 412 2003 devinctas
430 1947 571 2022 tempore
589 1937 673 2002 victa
690 1959 814 2000 manus.
1096 1959 1146 2008 260

55 2021 143 2106 quod
160 2022 256 2107 petis,
274 2033 311 2087 ut
327 2022 436 2086 furtim
453 2033 635 2107 praesentes
653 2023 715 2090 ista
731 2023 909 2106 loquamur,

99 2108 217 2172 scimus
235 2107 311 2191 quid
330 2119 436 2192 captes
454 2108 721 2191 conloquiumque
739 2129 844 2173 voces.

56 2194 114 2259 sed
132 2193 265 2258 nimium
282 2215 448 2279 properas,
467 2204 499 2258 et
515 2194 620 2259 adhuc
637 2205 692 2258 tua
709 2193 819 2259 messis
837 2193 870 2260 in
887 2192 986 2258 herba
1003 2206 1060 2259 est.

98 2277 179 2344 haec
196 2301 285 2344 mora
302 2279 343 2343 sit
361 2290 435 2343 voto
452 2279 559 2344 forsan
577 2279 679 2345 amica
696 2290 761 2343 tuo.

54 2363 219 2429 hactenus.
264 2386 414 2430 arcanum
432 2365 568 2430 furtivae
586 2365 712 2430 conscia
729 2365 843 2429 mentis
1096 2385 1145 2435 265

98 2450 204 2514 littera
220 2449 284 2515 iam
301 2451 384 2514 lasso
402 2450 516 2536 pollice
535 2452 625 2515 sistat
642 2473 736 2535 opus:

55 2546 162 2600 cetera
178 2558 236 2621 per
253 2536 354 2600 socias
374 2533 550 2620 Clymenen
567 2536 786 2618 Aethramque
804 2535 979 2619 loquamur,

99 2644 181 2706 quae
199 2621 277 2686 mihi
295 2633 370 2686 sunt
387 2622 517 2686 comites
536 2622 763 2705 consiliumque
782 2622 873 2684 duae.

510 2774 625 2841 xvu.

54 2877 158 2942 Mittit
174 2877 368 2963 Abydenus,
387 2899 483 2961 quam
501 2879 609 2942 mallet
626 2877 722 2954 ferre,
741 2878 885 2954 salutem,
1026 2895 1145 2948 Leander

99 2962 125 3028 si
143 2963 236 3028 cadat
254 2964 340 3028 unda
356 2964 464 3042 maris,
484 2961 578 3030 Sesta
594 2964 714 3048 puella,
733 2963 800 3028 tibi.
1035 2963 1144 3016 Herom'.

56 3049 83 3113 si
100 3048 178 3112 mihi
198 3048 230 3113 di
247 3049 356 3114 faciles
376 3062 406 3114 et
424 3049 549 3114 suntin
567 3072 673 3114 amore
691 3048 830 3124 secundi,

97 3134 205 3198 invitis
224 3134 322 3199 oculis
340 3134 419 3200 haec
436 3158 508 3200 mea
525 3135 622 3200 verba
639 3136 736 3220 leges.
790 3190 793 3195 .

56 3221 112 3285 sed
129 3242 194 3285 non
211 3231 285 3285 sunt
301 3220 419 3285 faciles.
463 3244 538 3285 nam
556 3242 612 3285 cur
629 3243 700 3285 mea
718 3232 792 3284 vota
808 3232 970 3284 morantur
1093 3241 1109 3290 5

98 3328 224 3370 currere
242 3329 292 3370 me
309 3316 385 3369 nota
400 3327 460 3371 nec
477 3306 640 3391 patiuntur
657 3306 759 3388 aqua?

55 3392 125 3477 ipsa
142 3391 231 3456 vides
249 3392 372 3456 caelum
389 3391 459 3476 pice
477 3392 613 3491 nigrius,
631 3403 663 3454 et
680 3391 761 3456 freta
778 3391 880 3455 ventis

97 3476 226 3543 turbida
242 3499 361 3562 perque
379 3498 473 3541 cavas
490 3499 545 3540 vrx
563 3477 710 3541 adeunda
726 3488 820 3541 rates.

55 3585 153 3638 unus,
172 3573 204 3626 et
220 3560 271 3627 hio
289 3562 409 3639 audax,
427 3583 527 3646 aquo
545 3562 603 3626 tibi
619 3563 724 3627 littera
740 3573 848 3626 nostra

96 3646 250 3724 redditur,
269 3670 286 3712 e
303 3659 396 3733 portu
413 3650 522 3712 navita
539 3647 637 3711 movit
652 3647 722 3712 iter.
1096 3668 1127 3719 ιο

55 3754 245 3798 ascensurus
263 3755 363 3808 eram,
382 3733 443 3798 nisi
460 3734 545 3816 quod
564 3755 637 3797 cum
654 3733 781 3796 vincula
798 3755 909 3817 prorae

98 3819 250 3894 solveret,
267 3817 300 3881 in
319 3819 453 3903 speculis
472 3819 573 3882 omnis
591 3818 726 3902 Abydos
744 3832 819 3882 erat.

53 3926 119 3969 non
136 3913 280 3988 poteram
298 3904 399 3969 celare
417 3926 518 3981 meos,
537 3903 729 3980 volutante,
747 3914 904 3987 parentes,
971 3964 974 3968 ,

96 4010 257 4074 quemque
276 3989 341 4074 tegi
358 3989 519 4065 volumus,
536 4011 601 4052 non
618 3988 760 4053 latuisset
777 4011 875 4053 amor.

54 4075 200 4163 protinus
218 4073 296 4139 haee
314 4074 412 4140 scribe
431 4112 446 4130 ι·
475 4075 564 4138 ‘felix
570 4122 579 4153 ,
596 4074 621 4153 i,
638 4073 756 4139 littera'
774 4074 853 4141 dixi:
