2604 4974
406 273 612 333 HEROIDUM
628 274 695 330 XII.
714 275 841 332 18-105.

154 422 251 464 mane
268 409 350 476 erat,
369 409 402 464 et
418 400 559 465 thalamo
575 421 649 464 cara
666 410 794 485 recepta
811 422 909 465 soror.

109 485 341 569 disiectamque
359 508 466 550 comas
484 506 658 569 aversaque
676 487 709 549 in
728 508 783 549 ora
800 486 956 551 iacentem

153 571 291 646 invenit,
310 582 341 635 et
358 571 495 637 lacrimis
514 572 620 635 omnia
638 571 732 656 plena
749 573 837 636 meis.
862 585 864 589 ‘

109 668 182 722 orat
200 679 294 740 opem
312 657 443 741 Minyis.
487 657 567 742 petit
584 656 697 733 altera,
716 668 749 720 at
767 657 865 721 altera
881 658 1036 722 habebatr
1154 678 1185 727 65

153 742 297 808 Aesonio
314 742 421 808 iuveni
439 743 526 826 quod
543 752 634 826 rogat
652 742 721 818 illa,
740 743 863 807 damus.

109 839 160 893 est
176 850 290 893 nemus
308 840 340 893 et
356 828 455 914 piceis
473 839 505 893 et
522 827 687 893 frondibus
705 828 786 893 ilicis
804 842 918 905 atrum,

152 914 208 977 vix
225 914 301 978 illuc
318 914 415 978 radiis
433 915 508 979 solis
526 915 613 977 adire
631 914 714 978 licet.

108 1000 235 1064 suntin
253 1022 290 1064 eo
308 1000 495 1064 —fuerant
513 1010 597 1064 certe
615 999 808 1064 ——delubra
825 999 967 1062 Dianae:

153 1108 251 1150 aurea
270 1085 434 1150 barbarica
452 1096 515 1151 stat
533 1086 593 1151 dea
610 1085 696 1149 facta
713 1108 819 1154 manu.
1153 1107 1185 1156 70

108 1171 225 1246 scisne,
243 1194 285 1235 an
302 1183 334 1237 et
352 1172 538 1236 exciderunt
555 1193 681 1236 mecum
697 1171 787 1236 loca?
813 1171 958 1236 venimus
975 1170 1065 1235 illue:

152 1279 244 1320 orsus
263 1280 297 1321 es
314 1257 412 1321 infido
430 1258 476 1321 sic
492 1257 579 1343 prior
596 1280 650 1322 ore
667 1257 757 1340 loqui

109 1342 174 1406 ‘ius
192 1341 251 1406 tibi
269 1353 300 1407 et
317 1342 481 1407 arbitrium
499 1354 624 1408 nostrae
642 1342 770 1406 fortuna
788 1342 897 1406 salutis

152 1427 297 1504 tradidit,
316 1428 413 1512 inque
431 1439 487 1492 tua
504 1440 552 1493 est
570 1429 697 1511 vitaque
716 1449 864 1510 morsque
882 1450 989 1492 manu.

107 1514 242 1598 perdere
259 1535 351 1598 posse
370 1525 419 1578 sat
437 1524 499 1590 est,
516 1515 640 1596 siquem
657 1514 745 1577 iuvet
762 1514 832 1598 ipsa
849 1525 1003 1600 potestas:
1152 1536 1182 1583 75

152 1599 209 1663 sed
227 1599 285 1663 tibi
302 1611 446 1663 servatus
464 1601 566 1685 gloria
583 1599 684 1663 maior
701 1620 765 1663 ero.

108 1706 167 1770 per
183 1685 268 1749 mala
286 1695 393 1749 nostra
410 1707 532 1771 precor,
550 1708 687 1769 quorum
705 1696 794 1768 potes
814 1708 883 1749 esse
900 1686 1056 1763 levamen,

149 1793 209 1855 per
225 1793 327 1856 genus
345 1782 376 1835 et
393 1794 512 1836 numen
531 1782 645 1835 cuncta
662 1771 798 1834 videntis
817 1771 879 1848 avi,

107 1878 166 1941 per
182 1856 315 1942 triplicis
332 1856 439 1922 vultus
458 1879 636 1941 arcanaque
654 1879 744 1921 sacra
761 1855 887 1922 Dianae

151 1951 184 2041 et
201 1943 229 2007 si
245 1940 327 2007 forte
345 1942 468 2026 aliquos
485 1966 565 2027 gens
582 1943 679 2007 habet
696 1943 758 2006 ista
776 1942 866 2006 deos:

108 2047 128 2089 o
146 2049 251 2112 rugo,
270 2027 417 2093 miserere
435 2030 512 2105 mei,
530 2029 679 2092 miserere
696 2050 855 2092 meorum:

152 2112 243 2177 effice
261 2137 312 2178 me
329 2114 448 2179 meritis
467 2125 593 2199 tempus
610 2114 644 2177 in
661 2136 754 2178 omne
773 2113 877 2177 tuuml

107 2198 221 2282 quodsi
238 2198 320 2265 forte
337 2200 441 2263 virum
458 2221 523 2265 non
541 2199 713 2285 dedignare
730 2199 915 2284 Pelasgum,
933 2235 976 2246 —

150 2283 206 2348 sed
223 2283 301 2348 mihi
319 2296 385 2350 tarn
402 2285 512 2350 faciles
529 2285 615 2350 unde
632 2307 784 2368 meosque
802 2285 898 2349 deos?
915 2321 959 2332 -

107 2370 236 2455 spiritus
254 2383 327 2436 ante
345 2394 435 2436 meus
453 2383 565 2436 tenues
583 2382 734 2436 vanescat
750 2371 783 2434 in
801 2393 905 2447 auras,

149 2477 248 2538 quam
265 2455 415 2533 thalamo,
433 2457 495 2521 nisi
512 2469 557 2534 tu,
575 2469 676 2542 nupta
694 2457 735 2521 sit
752 2457 817 2521 ulla
834 2478 919 2520 meo:

107 2542 235 2606 conscia
253 2542 293 2606 sit
309 2542 407 2618 Iuno,
426 2543 523 2608 sacris
541 2543 702 2628 praefecta
718 2542 849 2617 maritis,

149 2638 181 2692 et
198 2627 273 2704 dea,
290 2651 467 2693 marmorea
484 2628 575 2693 cuius
592 2629 626 2692 in
643 2629 722 2693 aede
740 2628 879 2692 sumusl’

105 2712 186 2777 haec
195 2713 336 2778 animum
347 2725 430 2778 -et
440 2726 537 2798 quota
550 2737 624 2800 pars
637 2714 716 2778 haec
726 2715 819 2778 sunt?
828 2750 870 2759 -
878 2735 1006 2778 movere
1014 2714 1139 2798 puellae

149 2798 316 2884 simplicis,
335 2811 367 2865 et
384 2801 514 2866 dextrae
532 2800 663 2865 dextera
680 2801 788 2864 iuncta
805 2822 904 2863 meae.
1150 2821 1182 2868 90
1217 2807 1218 2811 ’

105 2884 172 2949 vidi
189 2885 285 2950 etiam
301 2885 463 2964 lacrimas,
482 2908 519 2950 ac
536 2909 610 2972 pars
628 2897 676 2950 est
693 2885 815 2950 fraudis
832 2885 866 2949 in
883 2885 955 2949 illis.

149 2970 194 3035 sic
213 2970 275 3035 cito
293 2995 364 3035 sum
382 2972 487 3039 verbis
505 2984 599 3057 capta
616 2972 723 3058 puella
741 2971 814 3036 tuis.

105 3056 212 3142 iungis
230 3067 262 3122 et
280 3057 443 3158 aeripedes
460 3058 608 3122 inadusto
627 3079 757 3142 corpore
775 3069 882 3121 tauros

150 3152 181 3206 et
199 3143 333 3207 solidam
350 3165 436 3208 1usso
455 3166 582 3209 vomere
599 3143 693 3207 findis
711 3143 853 3207 humum.

105 3251 183 3293 arva
201 3229 364 3294 venenatis
381 3251 439 3314 pro
457 3229 576 3294 semine
594 3229 742 3294 dentibus
761 3229 887 3313 imples:

147 3314 289 3379 nascitur
306 3325 338 3379 et
354 3315 477 3400 gladios
496 3326 649 3398 scutaque
666 3314 758 3380 miles
776 3315 882 3379 habet.

104 3399 176 3485 ipsa
193 3421 269 3485 ego,
287 3421 369 3484 quae
388 3401 536 3466 dederam
554 3401 779 3477 medicamina,
796 3399 914 3486 pallida
933 3400 1009 3476 sedi,

149 3507 223 3549 cum
240 3485 307 3549 vidi
324 3485 445 3551 subitos
463 3511 551 3551 arma
568 3499 675 3552 tenere
692 3487 791 3550 viros:

104 3572 208 3636 donec
226 3571 402 3657 terrigenae
420 3572 557 3655 (facinus
575 3571 751 3657 mirabilel)
768 3572 880 3638 fratres

147 3657 282 3723 interae
300 3657 424 3722 strictas
443 3679 630 3724 conseruere
647 3681 770 3723 manus.
1147 3679 1195 3727 100

104 3742 236 3829 insopor
252 3764 326 3808 ecce
344 3743 422 3828 vigil
440 3745 579 3827 squamis
598 3743 824 3829 crepitantibus
843 3741 973 3807 horrens

148 3828 269 3906 sibilat,
288 3840 320 3894 et.
336 3840 419 3893 torto
437 3842 564 3916 pectore
581 3831 677 3895 verrit
695 3830 836 3894 humum.

106 3914 189 3980 dotis
207 3937 283 4000 opes
300 3914 357 3978 ubi
374 3917 481 3980 erant?
499 3916 555 3980 ubi
573 3927 641 3981 erat
658 3915 715 3980 tibi
732 3915 821 3999 regia
838 3912 986 3989 coniunx,

150 4001 270 4085 quique
286 4001 383 4065 maris
400 4001 517 4086 gemini
537 4002 665 4066 distinet
683 3999 820 4064 Isthmos
838 3999 956 4082 aquas?

105 4086 161 4155 illa
176 4107 252 4173 ego,
271 4107 352 4169 quae
369 4087 428 4153 tibi
445 4111 516 4153 sum
532 4109 618 4152 nunc
635 4086 770 4170 denique
789 4085 927 4151 barbara
941 4084 1044 4162 lacta,
1148 4107 1205 4150 ma

181 4366 191 4425 i

39 4446 70 4490 5,
104 4478 113 4489 ..
150 4428 188 4490 a(
