2604 4974
191 838 215 908 4
533 852 566 914 r.
586 858 696 915 ovim
715 856 878 915 ussurus

236 980 395 1047 littoribus
413 982 528 1047 nostris
547 1005 663 1048 ancora
685 992 778 1067 pacta
796 993 851 1045 tua
868 993 924 1046 est.

160 1087 175 1135 5
193 1067 270 1132 luna
287 1078 399 1151 quater
416 1069 522 1146 latuit,
540 1079 605 1133 toto
623 1079 735 1152 quater
752 1067 829 1132 orbe
845 1067 988 1145 recrevit,

235 1175 295 1218 neo
312 1153 398 1218 vehit
416 1154 555 1218 Actaeas
574 1153 715 1221 Sithonis
734 1154 820 1217 unda
837 1164 930 1218 rates.

193 1248 336 1324 tempora
353 1240 380 1303 si
397 1262 559 1316 numeres,
577 1261 660 1323 quae
678 1262 736 1303 nos
754 1262 957 1303 numeramus
976 1251 1129 1317 amantes,

236 1346 301 1388 non
318 1325 405 1389 venit
422 1337 495 1391 ante
513 1349 604 1390 suam
622 1336 731 1390 nostra
748 1325 888 1410 querella
906 1324 999 1389 diem.

195 1432 265 1495 spes
285 1431 412 1494 quoque
429 1411 515 1476 lenta
532 1412 602 1475 fuit.
647 1411 751 1488 tarde,
770 1433 852 1495 quae
870 1410 989 1474 eredita
1005 1411 1146 1485 laedunt,

144 1514 177 1565 10
237 1496 409 1572 oredimus,
427 1497 526 1561 invito
544 1519 629 1561 nuno
647 1509 679 1562 et
696 1519 803 1561 amore
820 1517 926 1561 noces.

195 1603 291 1667 saepe
308 1581 356 1645 fui
373 1583 511 1646 mendax
528 1605 586 1668 pro
604 1594 635 1648 te
652 1581 745 1658 mihi,
764 1605 859 1667 saepe
876 1580 983 1645 notavi
1072 1610 1075 1617 ·

237 1667 310 1732 alba
327 1668 519 1752 procellosos
537 1669 609 1733 vela
625 1668 744 1733 referre
761 1680 862 1732 notos.

194 1751 320 1819 Thesea
337 1753 466 1831 devovi,
485 1754 560 1837 quia
577 1765 608 1819 te
627 1755 783 1819 dimittere
800 1755 911 1818 nollet:

236 1859 296 1902 nec
314 1838 415 1903 tenuit
432 1861 544 1904 oursus
561 1839 693 1904 forsitan
711 1841 763 1904 ille
782 1851 863 1903 tuos.
975 1919 978 1924 Ι

145 1945 176 1995 15
194 1923 352 1989 interdum
369 1924 474 2002 timui,
492 1947 548 2001 ne,
568 1926 643 1989 dum
661 1926 744 1990 vada
762 1925 864 1990 tendis
883 1925 925 1988 ad
942 1925 1055 2003 Hebri,

237 2032 341 2074 mersa
358 2010 442 2075 foret
459 2033 539 2075 oana
556 2012 714 2097 naufraga
731 2012 848 2096 puppis
866 2032 959 2094 aqua.

195 2118 290 2181 saepe
308 2097 384 2161 deos
403 2098 552 2182 supplex,
570 2109 607 2161 ut
624 2109 674 2174 tu,
693 2098 857 2173 scelerate,
876 2096 1008 2173 valeres,

237 2204 310 2247 oum
328 2205 422 2268 preoe
439 2183 616 2248 turicremis
635 2184 826 2248 devenerata
843 2182 933 2260 focis,

195 2289 304 2354 saepe,
323 2268 434 2333 videns
451 2280 563 2334 ventos
583 2271 670 2334 eaelo
688 2271 867 2355 pelagoque
884 2268 1039 2346 faventes,

144 2376 176 2424 20
236 2353 306 2440 ipsa
322 2354 400 2418 mihi
417 2354 483 2418 dixi
502 2355 544 2418 ‘si
562 2356 646 2420 valet
662 2355 730 2431 ille,
748 2354 855 2420 venit?

195 2438 331 2523 denique
348 2440 431 2505 fidus
450 2463 540 2504 amor
556 2440 711 2524 quidquid
728 2439 970 2525 properantibus
989 2442 1095 2506 obstat

236 2525 344 2602 finxit,
362 2537 395 2591 et
412 2527 453 2590 ad
471 2548 583 2591 causas
601 2526 765 2612 ingeniosa
782 2526 839 2589 fui.

195 2621 228 2675 at
245 2623 280 2676 tu
297 2612 402 2677 lentus
420 2611 510 2676 abesl
545 2634 605 2677 neo
621 2623 653 2677 te
669 2612 772 2676 iurata
789 2611 946 2676 reduount

236 2697 382 2775 numina,
400 2719 459 2762 nec
476 2709 584 2763 nostro
601 2707 706 2763 motus
725 2720 830 2763 amore
848 2697 942 2762 redis.

144 2803 176 2854 25
193 2781 420 2868 Demophoon,
438 2783 541 2849 ventis
559 2795 591 2849 et
608 2784 706 2848 verba
723 2795 754 2848 et
773 2784 843 2847 vela
860 2782 988 2849 dedisti:

236 2870 307 2934 vela
324 2889 439 2951 queror
456 2870 574 2947 reditu,
592 2870 690 2934 verba
708 2891 813 2934 carere
831 2869 903 2934 fide.

194 2954 246 3020 dio
262 2955 354 3031 mihi,
373 2955 450 3039 quid
467 2955 543 3031 feei,
562 2955 622 3020 nisi
639 2978 703 3019 non
722 2955 880 3040 sapienter
897 2955 1020 3019 amavi?

237 3040 366 3106 erimine
384 3053 415 3106 te
432 3041 522 3126 potui
539 3041 733 3106 demeruisse
750 3063 832 3107 me0.

193 3149 293 3191 unum
310 3125 345 3190 in
362 3149 412 3191 me
429 3127 532 3192 scelus
552 3137 613 3202 est,
631 3127 717 3211 quod
734 3138 779 3203 te,
798 3127 963 3202 scelerate,
981 3127 1095 3212 reoepi.

144 3233 176 3282 ao
237 3212 294 3278 sed
311 3213 413 3278 scelus
431 3212 492 3278 hoo
510 3213 614 3278 meriti
631 3213 755 3298 pondus
774 3222 806 3278 et
821 3212 921 3276 instar
937 3211 1044 3277 habet.

193 3298 277 3376 iura,
293 3298 372 3363 fides
390 3299 446 3363 ubi
463 3322 558 3376 nuno,
577 3300 806 3382 commissaque
825 3298 955 3363 dextera
972 3297 1112 3376 dextrae,

236 3384 354 3468 quique
372 3397 439 3449 erat
456 3385 489 3449 in
506 3385 588 3450 falso
605 3385 759 3470 plurimus
778 3407 831 3448 ore
851 3384 948 3449 deus?

193 3469 366 3556 promissus
384 3471 486 3535 socios
503 3471 560 3534 ubi
576 3492 662 3535 nunc
679 3472 886 3556 Hymenaeus
904 3471 938 3533 in
955 3491 1065 3547 annos,

236 3555 292 3639 qui
309 3554 387 3619 mihi
405 3556 544 3642 coniugii
562 3577 696 3642 sponsor
713 3567 744 3621 et
762 3557 854 3620 obses
872 3556 958 3620 erat?

143 3663 175 3712 35
193 3664 250 3728 per
266 3663 368 3718 mare,
387 3642 473 3724 quod
490 3654 591 3706 totum
609 3642 711 3707 ventis
729 3642 868 3728 agitatur
885 3651 917 3705 et
934 3642 1037 3718 undis,

235 3750 293 3813 per
310 3729 396 3811 quod
414 3750 509 3828 saepe
526 3729 619 3803 ieras,
637 3751 694 3813 per
711 3727 796 3811 quod
814 3729 914 3792 iturus
933 3750 1013 3802 eras,

194 3834 314 3899 perque
332 3829 423 3878 tuum
440 3813 516 3877 m1hi
534 3814 654 3889 iurasti,
672 3814 732 3877 nisi
750 3814 842 3877 fictus
860 3824 891 3878 et
909 3813 961 3877 ille
980 3824 1037 3890 est,

236 3897 359 3964 consita
376 3899 432 3982 qui
449 3899 551 3965 ventis
570 3921 711 3984 aequora
728 3900 860 3975 mulcet,
879 3922 986 3975 avum,

193 4007 251 4071 per
267 3985 427 4050 Venerem
443 3985 639 4069 nimiumque
656 3985 735 4049 mihi
752 3983 899 4049 facientia
916 3985 989 4061 tela,

143 4094 176 4142 40
236 4072 335 4135 altera
353 4072 415 4136 tela
432 4093 540 4150 arous,
558 4073 657 4137 altera
674 4073 737 4136 tela
754 4071 850 4146 faces,

193 4157 426 4241 Iunonemque,
444 4157 520 4222 toris
539 4180 621 4241 quae
639 4156 796 4243 praesidet
814 4157 897 4220 alma
915 4154 1045 4231 maritis,

237 4254 268 4307 et
285 4265 342 4328 per
359 4243 530 4309 taediferae
547 4243 681 4328 mystica
698 4265 787 4307 saera
805 4241 892 4306 deae.

195 4328 222 4393 si
239 4328 279 4394 de
296 4339 344 4393 tot
359 4329 453 4394 laesis
471 4353 530 4394 sua
546 4328 677 4393 numina
694 4328 828 4412 quisque
846 4327 978 4392 deorum

236 4414 389 4493 vindicet,
406 4415 439 4480 in
456 4436 575 4501 poenas
593 4436 657 4478 non
675 4413 750 4478 satis
768 4436 851 4477 unus
869 4413 940 4477 eris.

144 4522 178 4571 45
195 4510 228 4565 at
244 4500 365 4567 laoeras
383 4500 478 4567 etiam
496 4522 619 4586 puppes
636 4499 756 4563 furiosa
773 4499 880 4574 refeoi,

114 4606 118 4613 ·
236 4596 370 4689 usqua
387 4587 557 4664 desererer,
574 4585 666 4671 firma
684 4584 790 4649 camna
808 4585 904 4649 foret:

172 4692 422 4785 ..tvmgsumqqa
441 4671 531 4753 dedi,
548 4692 614 4766 quo
630 4693 684 4743 me
698 4670 861 4765 fugiturus
876 4669 989 4739 abires.
