2604 4974
367 324 573 382 HEROIDUM
590 326 625 381 V.
643 325 771 382 48—135.

96 449 160 515 hac
177 448 265 514 venit
282 448 315 513 in
333 448 490 513 thalamos
508 450 581 514 dote
600 450 737 534 superba
753 461 835 514 tuos.

10 553 12 563 ¹
54 555 139 617 quae
157 536 184 600 si
203 534 244 599 sit
260 534 384 599 Danais
401 535 576 610 reddenda,
595 537 646 598 vel
664 536 804 600 Hectora
821 534 950 600 fratrem

98 622 152 686 vel
170 643 243 685 cum
260 619 432 705 Deiphobo
450 620 684 705 Polydamanta
701 644 789 706 roga.

53 706 133 791 qnid
151 705 258 791 gravis
275 706 432 782 Antenor,
450 706 598 770 Priamus
616 706 693 789 quid
710 708 842 771 suadeat
859 706 937 791 ipse,

98 793 244 867 consule,
261 791 334 875 quis
351 803 438 855 aetas
456 792 552 876 longa
569 793 721 876 magistra
737 792 807 856 fuit.

54 888 150 963 turpe
167 876 396 953 rudimentum,
414 877 535 961 patriae
552 899 745 961 praeponere
763 887 896 963 raptam.

99 986 198 1029 causa
214 963 364 1049 pudenda
381 974 437 1026 tua
455 972 511 1026 est.
555 963 639 1026 iusta
656 963 705 1026 vir
722 987 810 1027 arma
826 975 942 1029 movet.

54 1072 116 1115 nec
136 1048 208 1126 tibi,
227 1049 254 1112 si
271 1048 386 1133 sapias,
403 1048 501 1112 fidam
518 1047 665 1132 promitte
683 1049 877 1126 Lacaenam,

101 1157 183 1219 quae
201 1134 291 1199 sitin
309 1134 473 1218 amplexus
492 1145 558 1197 tam
575 1135 637 1198 cito
655 1157 747 1198 versa
765 1147 846 1200 tuos.

55 1231 93 1285 ut
111 1220 215 1284 minor
231 1220 362 1284 Atrides
380 1219 524 1283 temerati
541 1219 671 1284 foedera
688 1219 762 1284 lecti

102 1306 218 1370 clamat
235 1315 267 1369 et
285 1315 415 1369 externo
432 1305 537 1369 laesus
556 1327 663 1370 amore
681 1305 775 1382 dolet,

56 1401 93 1455 tu
111 1411 239 1474 quoque
257 1390 418 1454 clamabis.
461 1391 549 1454 nulla
566 1391 750 1475 reparabilis
769 1402 836 1456 arte

100 1476 188 1541 laesa
204 1475 358 1562 pudicitia
375 1486 436 1552 est3
456 1476 578 1560 deperit
594 1476 649 1541 illa
667 1478 773 1542 semel.

57 1562 150 1627 ardet
166 1584 273 1626 amore
292 1561 357 1626 tui?
392 1561 438 1625 sic
455 1573 487 1626 et
504 1562 676 1645 Menelaon
694 1563 822 1629 amavit.

101 1670 187 1711 nunc
203 1648 286 1712 iacet
303 1646 337 1711 in
354 1647 451 1711 viduo
470 1647 616 1712 credulus
633 1647 686 1712 ille
704 1659 783 1714 toro.

56 1733 137 1799 felix
154 1732 394 1808 Andromache,
413 1744 499 1797 certo
516 1733 598 1797 bene
615 1744 715 1818 nupta
731 1734 859 1799 marito:

100 1840 184 1884 uxor
200 1819 241 1883 ad
259 1819 440 1904 exemplum
457 1819 564 1883 fratris
582 1818 730 1883 habenda
747 1820 804 1885 fui.

56 1916 95 1970 tu
111 1905 212 1970 levior
228 1904 323 1982 foliis,
340 1914 410 1969 tum
428 1927 501 1969 cum
519 1905 586 1971 sine
604 1906 744 1990 pondere
762 1906 830 1971 suci

101 1991 272 2054 mobilibus
289 1991 391 2054 ventis
409 1991 498 2055 arida
515 1990 601 2055 facta
618 1991 736 2056 volant.

57 2087 91 2141 et
108 2075 213 2141 minus
231 2075 329 2142 estin
346 2086 492 2160 tequam
509 2099 632 2141 summa
649 2079 773 2162 pondus
792 2078 897 2156 arista,

102 2184 185 2247 quae
202 2162 281 2226 levis
299 2161 434 2226 assiduis
452 2162 571 2227 solibus
588 2175 661 2227 usta
677 2164 768 2250 riget.

57 2248 121 2313 hoc
138 2258 195 2312 tua
210 2284 255 2294 —
270 2271 345 2312 nam
362 2249 467 2313 recolo
483 2285 528 2295 —
544 2249 705 2333 quondam
721 2273 873 2336 germana
891 2251 1034 2329 canebat,

102 2333 148 2399 sic
164 2333 243 2398 mihi
260 2333 384 2398 diffusis
402 2334 573 2399 vaticinata
590 2337 688 2400 comis

58 2419 154 2504 ‘quid
171 2419 265 2497 facis,
284 2417 439 2486 Oenone?
473 2420 551 2504 quid
568 2421 705 2487 harenae
723 2422 845 2487 semina
861 2423 1013 2487 mandas?
1101 2442 1148 2490 115

102 2526 167 2571 non
184 2505 372 2590 profecturis
389 2506 482 2571 litora
498 2506 605 2572 bubus
623 2530 703 2572 aras.

58 2589 162 2659 Graia
178 2592 314 2657 iuvenca
331 2591 432 2667 venit,
450 2614 532 2676 quae
549 2602 581 2658 te
598 2594 797 2678 patriamque
816 2594 1007 2678 domumque

103 2677 229 2763 perdatl
256 2677 288 2741 io
305 2677 451 2762 prohibei
479 2675 579 2743 Graia
594 2679 730 2743 iuvenca
747 2679 847 2742 venitl

58 2765 138 2828 dum
155 2764 244 2840 licet,
263 2763 433 2828 obscenam
450 2775 548 2848 ponto
567 2765 740 2851 demergite
757 2764 903 2849 puppiml

102 2849 176 2926 heu,
195 2859 348 2933 quantum
365 2848 501 2935 Phrygii
518 2850 680 2935 sanguinis
697 2851 752 2914 illa
769 2850 883 2914 vehitl'

58 2935 198 3001 dixerat:
217 2935 250 2998 in
268 2957 364 3000 cursu
381 2935 520 2999 famulae
538 2959 671 3020 rapuere
689 2935 857 3013 furentem,

103 3033 136 3085 at
154 3020 231 3084 mihi
247 3022 399 3086 flaventes
418 3020 575 3106 diriguere
594 3044 712 3087 comae.

59 3106 116 3171 ahl
143 3106 277 3170 nimium
294 3106 427 3171 miserae
445 3117 534 3171 vates
551 3107 628 3170 mihi
646 3130 721 3172 vera
738 3107 840 3172 fuisti:

102 3192 242 3278 possidet
260 3214 300 3257 en
317 3193 416 3256 saltus
434 3189 536 3258 Graia
552 3193 687 3258 iuvenca
703 3194 805 3258 meosl

59 3279 100 3343 sit
118 3278 200 3343 facie
217 3277 363 3362 quamvis
380 3277 527 3362 insignis,
546 3279 689 3343 adultera
706 3291 791 3344 certe
809 3290 866 3344 est

103 3364 243 3429 deseruit
260 3364 361 3428 socios
379 3364 503 3449 hospite
521 3375 614 3449 capta
631 3365 717 3429 deos.

60 3450 147 3513 illam
166 3450 205 3513 de
222 3449 326 3535 patria
343 3449 487 3514 Theseus
504 3487 547 3497 -
564 3449 624 3514 nisi
641 3451 768 3515 nomine
786 3449 879 3514 fallor
895 3487 939 3498 -

103 3535 209 3599 nescio
228 3535 299 3618 quis
317 3534 461 3600 Theseus
479 3535 609 3600 abstulit
626 3547 699 3601 ante
718 3559 785 3600 sua.

61 3644 79 3684 a
97 3621 212 3685 iuvene
230 3631 262 3685 et
280 3621 395 3706 cupido
414 3622 561 3686 credatur
578 3622 702 3686 reddita
718 3621 829 3707 virgo?

103 3706 188 3770 unde
206 3705 266 3770 hoc
284 3707 479 3791 conpererim
497 3718 563 3771 tam
579 3708 675 3783 bene,
693 3708 837 3791 quaeris?
855 3729 936 3771 amo.

60 3793 126 3855 vim
143 3791 216 3857 licet
234 3793 374 3877 appelles
392 3803 425 3856 et
441 3793 568 3877 culpam
585 3793 713 3858 nomine
730 3794 830 3858 veles:

104 3899 187 3961 quae
204 3877 317 3942 totiens
335 3888 426 3962 rapta
444 3889 505 3953 est,
523 3879 671 3962 praebuit
687 3878 758 3962 ipsa
773 3878 851 3962 rapi.

61 3975 94 4027 at
111 3973 220 4027 manet
237 3959 371 4027 Oenone
389 3963 511 4027 fallenti
528 3975 616 4029 casta
633 3965 756 4028 marite.

105 4060 136 4112 et
153 4058 278 4132 poteras
295 4047 364 4112 falli
379 4048 504 4134 legibus
521 4049 589 4135 ipse
607 4050 684 4114 tuis:

30 4216 32 4231 Ι
60 4157 112 4198 me
131 4131 239 4218 Satyri
256 4134 372 4200 celeres
390 4134 537 4201 -silvis
556 4157 618 4226 ego
635 4145 723 4205 tecta
734 4135 884 4204 latebam
898 4173 943 4182 -

29 4236 32 4240 ⁴
107 4233 238 4279 aaran
