2604 4974
281 302 398 360 sarrs
415 297 645 360 Auaronmu
662 302 736 358 mu.
755 303 778 358 1.
796 304 890 358 1-77.
1029 290 1100 356 ’143

116 428 211 512 inque
230 450 300 492 meo
317 429 440 492 nullum
459 427 598 492 carmine
617 427 735 493 crimen
752 426 820 491 erit.
842 463 887 474 -

73 514 244 601 priucipi0‚
263 515 350 597 quod
367 536 473 578 amare
492 514 585 589 velis,
603 513 740 598 reperire
757 512 877 589 labora,
1118 535 1150 585 35

116 600 171 683 qui
189 621 273 663 nova
289 621 374 664 nunc
391 599 529 685 primurn
548 600 638 663 miles
655 599 688 662 in
706 621 795 662 arma
812 598 911 663 venis.

73 685 237 771 proximus
254 684 329 749 huic
346 686 437 750 labor
454 697 502 749 est
519 684 667 771 placitam
686 705 816 749 exorare
834 685 987 768 puellam:

117 771 243 846 tertius,
260 787 297 834 ut
314 772 409 856 longo
428 783 570 855 tempore
588 770 680 835 duret
697 792 795 835 amor.

74 856 127 921 hie
144 857 272 933 modus3
291 856 369 920 haec
386 870 494 920 nostro
512 855 689 940 signabitur
707 877 782 922 area
799 877 907 921 curru:

116 942 196 1006 haec
214 941 271 1006 crit
289 942 428 1006 admissa
444 953 531 1006 meta
547 942 720 1026 premenda
737 953 816 1006 rota.

74 1028 152 1091 durn
168 1028 242 1091 licet
259 1042 291 1091 et
308 1028 383 1091 loris
400 1027 518 1112 passim
537 1040 627 1112 potes
645 1028 690 1091 ire
708 1027 828 1103 solutis,

118 1113 199 1198 elige
216 1113 269 1177 oui
286 1113 374 1177 dicas
392 1121 441 1177 ‘tu
458 1112 536 1176 mihi
554 1114 621 1176 sola
638 1112 765 1197 places!

73 1198 153 1263 haee
170 1197 228 1263 tibi
246 1220 310 1263 non
328 1210 439 1263 tenues
457 1199 562 1263 veniet
581 1197 710 1283 delapsa
727 1221 785 1282 per
802 1221 911 1264 auras:

117 1286 298 1369 quaerenda
316 1299 364 1350 est
382 1284 481 1348 oculis
499 1296 574 1370 apta
591 1285 697 1369 puella
715 1284 788 1348 tuis.

74 1370 132 1435 scit
151 1370 231 1435 bene
249 1382 390 1447 venator,
410 1369 512 1435 cervis
529 1369 586 1434 ubi
603 1370 682 1433 retia
699 1370 817 1445 tendat,

117 1455 176 1520 scit
195 1456 289 1533 bene,
308 1477 372 1540 qua
389 1456 539 1521 frendens
557 1456 639 1519 valle
656 1467 795 1521 moretur
813 1478 901 1542 aper:

74 1542 251 1627 aucupibus
269 1542 335 1606 noti
353 1541 498 1606 frutices:
517 1541 572 1625 qui
590 1541 724 1605 sustinet
741 1540 864 1620 hamos,

116 1627 218 1705 novit,
236 1649 319 1711 quae
336 1627 436 1691 multo
453 1626 541 1713 pisce
558 1637 707 1691 natentur
724 1648 836 1711 aquae.

73 1726 109 1778 tu
127 1735 269 1798 quoque,
288 1713 452 1778 materiam
470 1714 565 1798 longo
584 1713 639 1796 qui
656 1713 782 1797 quaeris
800 1716 910 1794 amori,

116 1812 188 1864 ante
206 1800 357 1882 frequens
375 1821 438 1882 quo
456 1799 497 1862 sit
514 1799 600 1864 disce
617 1800 723 1884 puella
739 1799 820 1863 loco.

72 1908 137 1950 non
155 1907 216 1972 ego
235 1898 439 1969 quaerentem
458 1895 552 1949 vento
570 1885 646 1950 dare
664 1886 735 1950 vela
751 1885 880 1962 iubebo,

115 1994 174 2036 nec
192 1971 265 2048 tibi,
284 1984 320 2035 ut
336 1971 494 2047 invenias,
511 1972 609 2056 longa
627 1971 758 2036 terenda
775 1972 827 2036 via
846 1984 903 2037 est..

73 2058 303 2122 Andromedan
319 2057 458 2122 Perseus
476 2056 574 2122 nioris
593 2057 724 2142 portarit
742 2057 783 2120 ab
801 2058 900 2135 Indis,

115 2156 268 2228 raptaque
287 2143 327 2207 sit
344 2143 487 2228 Phrygio
507 2110 607 2208 (dreia
624 2143 731 2228 puella
748 2143 831 2207 viro:

73 2241 119 2294 tot
136 2228 193 2293 tibi
212 2242 341 2312 tamque
360 2229 448 2293 dabit
464 2229 620 2293 formosas
638 2229 742 2293 Roma
758 2229 891 2314 puellas,
1084 2235 1086 2239 ’
1114 2252 1146 2302 55
1234 2276 1237 2283 -

116 2315 210 2379 ‘haee
227 2313 338 2379 habet'
356 2326 393 2379 ut
410 2314 497 2380 dicas
516 2314 681 2398 ‘quicquid
697 2315 730 2378 in
748 2313 824 2379 orbe
841 2314 922 2380 fuit.’

74 2399 221 2486 Gargara
239 2411 318 2485 quot
335 2413 473 2486 segetes,
491 2412 569 2483 quot
586 2399 682 2464 habet
699 2399 890 2485 Methymna
907 2424 1059 2480 racemos,

115 2509 252 2571 aequore
270 2498 348 2571 quot
366 2487 484 2571 pisces,
502 2486 615 2550 fronde
633 2496 784 2570 teguntur
801 2509 887 2565 aves,

72 2585 151 2656 quot
168 2573 291 2638 caelum
309 2573 430 2650 stellas,
448 2582 496 2636 tot
513 2571 610 2636 habet
626 2583 682 2635 tua
699 2571 804 2636 Roma
820 2575 957 2658 puellas:

115 2670 216 2723 mater
234 2670 265 2725 et
282 2659 413 2723 Aeneae
432 2668 554 2722 constat
570 2657 604 2721 in
620 2657 700 2722 urbe
718 2657 777 2721 sui.
1114 2679 1148 2730 60

73 2768 130 2810 seu
148 2744 269 2830 caperis
287 2744 397 2830 primis
416 2755 447 2808 et
465 2744 569 2808 adhuc
586 2743 800 2809 crescentibus
818 2745 919 2822 annis,

116 2843 189 2896 ante
206 2829 314 2895 oculos
333 2831 438 2895 veniet
455 2852 531 2894 vera
548 2829 655 2915 puella
672 2840 757 2893 tuos:

72 2916 140 2982 sive
157 2917 248 3002 cupis
265 2916 428 2993 iuvenem,
446 2915 577 2981 iuvenes
595 2915 654 2980 tibi
671 2915 756 2980 mille
774 2915 956 3002 placebunt,

114 3002 238 3089 cogeris
255 3013 288 3067 et
305 3003 370 3067 voti
387 3002 513 3067 nescius
532 3024 601 3066 esse
618 3001 680 3066 tuiz

72 3111 129 3153 seu
147 3101 178 3153 te
196 3088 277 3153 forte
294 3088 383 3152 iuvat
400 3111 471 3153 sera
489 3100 520 3152 et
538 3088 708 3173 sapientior
726 3099 823 3167 aetas,

114 3174 175 3238 hoc
192 3195 334 3258 quoque,
353 3175 446 3239 crede
464 3174 557 3251 mihi,
575 3174 698 3259 plenius
717 3197 832 3261 agmen
850 3176 918 3241 erit.

72 3271 107 3325 tu
124 3261 220 3324 modo
236 3260 393 3346 Pompeia
409 3260 513 3325 lentus
531 3260 668 3345 spatiare
687 3261 746 3325 sub
763 3263 888 3340 umbra,

115 3369 187 3410 cum
205 3347 253 3410 sol
271 3346 424 3411 Herculei
441 3358 532 3432 terga
549 3346 648 3410 leonis
667 3346 746 3411 adit:

72 3443 127 3496 aut
144 3431 200 3495 ubi
217 3431 401 3497 muneribus
419 3432 485 3496 nati
504 3454 562 3495 sua
578 3454 711 3496 munera
729 3444 830 3498 mater

115 3517 252 3593 addidit,
270 3529 400 3582 externo
418 3539 575 3582 marmore
593 3517 682 3582 dives
699 3539 794 3603 opus:

71 3625 132 3667 nec
150 3603 207 3666 tibi
225 3603 342 3667 vitetur
358 3625 455 3686 quae,
473 3601 584 3688 priscis
602 3625 713 3688 sparsa
731 3603 864 3678 tabellis,

115 3688 255 3773 porticus
273 3689 410 3753 auctoris
428 3688 524 3752 Livia
541 3709 657 3753 nornen
675 3689 786 3753 habete

72 3796 200 3858 quaque
217 3797 330 3860 parare
347 3797 457 3840 necem
476 3772 599 3839 miseris
616 3775 812 3860 patruelibus
830 3798 926 3841 ausae

115 3860 244 3924 Belides
263 3872 293 3924 et
312 3860 419 3925 stricto
436 3871 498 3924 stat
515 3859 602 3924 ferus
620 3883 695 3926 ense
712 3872 812 3945 pater.

72 3968 132 4011 nec
150 3959 181 4010 te
199 3957 376 4032 praetereat
393 3945 511 4012 Veneri
529 3946 671 4032 ploratus
689 3945 823 4022 Adonis,

117 4032 265 4116 cultaque
282 4033 402 4096 Iudaeo
420 4031 555 4117 septima
573 4054 664 4096 sacra
682 4029 775 4117 Syro.

73 4141 133 4184 nee
150 4118 229 4205 fuge
246 4116 397 4205 linigerae
415 4116 625 4204 Memphitica
641 4117 760 4206 templa
776 4117 943 4190 iuvencae
