2604 4974
283 306 449 368 AMORUM
466 311 538 365 LIB.
557 310 595 365 11.
613 310 726 392 xvffl,
739 309 886 381 iti—XIX,
904 307 946 364 60.
1060 292 1120 360 ill

104 458 184 520 quas
202 433 280 499 mibi
296 433 481 510 blanditias,
499 457 597 518 quam
614 433 718 497 dulcia
735 433 834 497 verba
850 431 997 517 parabatl

147 521 269 596 oscula,
288 519 320 583 di
337 520 458 606 magni,
476 519 582 603 qualia
600 529 738 602 quotque
756 518 865 582 dabat!

104 617 139 670 tu
157 627 299 690 quoque,
317 627 399 688 quae
416 616 539 669 nostros
556 604 689 688 rapuisti
705 626 806 689 nuper
823 603 947 680 ocellos,

147 713 242 775 saepe
261 690 335 755 time
352 690 496 766 insidias,
515 712 609 774 saepe
626 700 737 774 rogata
754 710 846 773 nega,

105 786 137 842 et
154 777 221 840 sine
240 798 290 839 me
309 785 382 839 aute
400 786 470 840 tuos
488 774 663 860 proiectum
679 775 713 837 in
730 774 837 837 limine
855 774 954 859 postis

147 863 244 946 longa
260 860 411 945 pruinosa
428 860 547 945 frigora
563 872 656 923 noete
673 860 749 945 pati.

105 946 151 1011 sic
168 947 246 1009 mihi
263 946 356 1009 durat
373 967 460 1009 amor
477 947 651 1030 longosque
669 945 819 1009 adolescit
835 945 869 1008 in
886 966 1000 1010 annos:

148 1033 209 1096 hoc
226 1031 328 1106 iuvat,
347 1029 425 1095 haee
443 1031 539 1094 animi
557 1042 631 1093 sunt
648 1030 797 1094 alimenta
814 1028 886 1094 mei.

105 1117 232 1202 pinguis
250 1138 338 1179 amor
354 1116 549 1199 nimiumque
567 1125 677 1199 patens
695 1114 728 1179 in
746 1116 850 1180 taedia
866 1114 957 1179 nobis

148 1202 279 1267 vertitur
297 1221 328 1265 er
346 1200 507 1264 stomacho
525 1200 625 1264 dulcis
643 1211 679 1264 ut
697 1222 769 1265 esca
785 1211 887 1265 nocet.

106 1288 134 1351 si
150 1302 324 1369 numquam
341 1285 477 1350 Danae'n
495 1285 655 1349 habuisset
672 1291 770 1350 aenea
787 1285 890 1360 turris,

147 1393 211 1436 non
230 1385 312 1435 esset
329 1370 443 1435 Danae'
461 1370 499 1435 de
516 1369 593 1434 Iove
612 1370 697 1434 facta
714 1392 838 1455 parens.

105 1458 183 1521 dum
201 1466 306 1520 servat
322 1456 403 1520 Iuno
420 1466 575 1520 mutatam
593 1456 740 1519 cornibus
757 1454 805 1530 Io,

147 1542 233 1606 facta
251 1552 311 1615 est,
330 1561 424 1623 quam
446 1540 562 1616 fuerat,
579 1541 698 1625 gratior
714 1541 768 1603 illa
786 1540 864 1603 lovi.

104 1627 191 1711 quod
208 1627 283 1690 licet
300 1636 331 1690 et
348 1626 441 1689 t'acile
459 1639 506 1689 est
528 1626 670 1709 quisquis
688 1626 787 1709 cupit,
807 1624 918 1690 arbore
936 1623 1064 1689 frondes

149 1722 258 1796 carpat
276 1721 308 1775 et
326 1734 343 1776 e
361 1732 476 1795 magno
494 1711 623 1774 flumine
640 1722 725 1794 potet
743 1731 869 1793 aquam.

105 1798 197 1882 siqua
214 1797 298 1861 volet
315 1818 447 1882 regnare
466 1796 534 1871 diu,
553 1796 681 1859 deludat
698 1809 864 1859 amantem.

149 1884 179 1948 ei
194 1881 287 1957 mihi,
305 1903 345 1945 ne
363 1881 490 1944 monitis
508 1893 655 1963 torquear
671 1881 738 1965 ipse
757 1879 848 1945 meisl

105 1966 263 2051 quidlibet
279 1967 418 2043 eveniat,
436 1976 530 2030 nocet
545 1965 742 2051 indulgentia
758 1965 864 2029 nobis:

148 2051 235 2136 quod
253 2051 403 2134 sequitur,
420 2051 525 2136 fugio;
544 2051 630 2133 quod
647 2050 744 2136 fugit,
761 2051 829 2134 ipse
847 2071 970 2133 sequor.

106 2149 140 2202 at
156 2151 191 2201 tu
208 2137 365 2201 formosae
383 2137 515 2199 nimium
532 2158 642 2200 secure
659 2136 793 2221 puellae,

148 2223 253 2306 incipe
270 2222 333 2284 iam
350 2221 453 2305 prima
470 2221 616 2286 claudere
633 2232 725 2284 nocte
742 2220 853 2284 forem.

106 2308 224 2392 incipe,
242 2307 313 2390 quis
331 2307 444 2370 totiens
461 2305 569 2370 furtim
587 2317 642 2369 tua
659 2305 768 2368 limina
784 2305 899 2390 pulset,

149 2413 315 2476 quaerere,
333 2391 411 2474 quid
428 2391 541 2455 latrent
557 2402 649 2455 nocte
667 2391 777 2454 silente
795 2411 899 2465 canes,

107 2500 187 2563 quas
204 2476 286 2540 ferat
304 2486 336 2541 et
352 2476 469 2541 referat
486 2476 594 2540 sollers
612 2476 725 2540 ancilla
741 2475 883 2550 tabellas,

150 2584 207 2626 cur
224 2562 338 2626 totiens
355 2582 456 2625 vacuo
475 2561 605 2625 secubet
621 2562 691 2645 ipsa
708 2572 786 2625 toro.

108 2648 250 2712 mordeat
266 2647 327 2710 ista
344 2658 415 2711 tuas
433 2646 601 2729 aliquando
620 2668 696 2710 cura
712 2646 876 2721 medullas,

150 2733 255 2815 daque
272 2732 377 2795 locum
394 2733 508 2795 nostris
526 2731 750 2812 materiamque
768 2730 858 2795 dolis.

107 2819 159 2883 ille
177 2827 282 2902 potest
299 2838 399 2881 vacuo
416 2816 515 2880 furari
532 2816 623 2880 litore
640 2816 784 2892 harenas,

149 2924 282 2966 uxorem
300 2901 387 2966 stulti
405 2902 502 2984 siquis
520 2923 626 2965 amare
643 2911 756 2985 potest

107 2989 234 3072 iamque
252 3008 311 3072 ego
329 3008 534 3072 praemoue03
551 2986 612 3050 nisi
630 2996 664 3050 tu
682 3007 806 3050 servare
822 2986 961 3072 puellam

149 3073 277 3157 incipis,
295 3072 424 3158 incipiet
441 3072 584 3137 desinere
602 3094 671 3137 esse
688 3094 769 3136 mea.

108 3160 208 3223 multa
225 3158 342 3240 diuque
360 3157 428 3222 tuli.
471 3157 595 3243 speravi
613 3179 707 3241 saepe
724 3157 876 3233 futurum,

150 3266 223 3308 curn
241 3242 322 3306 bene
339 3264 512 3319 servasses,
529 3255 566 3306 ut
582 3243 663 3306 bene
681 3241 778 3306 verba
796 3243 913 3307 darem.

108 3329 212 3394 lentus
230 3349 264 3392 es
282 3338 314 3391 et
330 3327 446 3411 pateris
463 3328 542 3391 nulli
558 3326 706 3412 patienda
723 3327 849 3391 marito:

151 3425 184 3478 at
201 3412 278 3477 mihi
296 3434 445 3477 concessa
462 3413 533 3476 finis
551 3413 665 3475 amoris
683 3411 750 3475 erit.

109 3500 229 3564 scilicet
245 3497 356 3562 infelix
372 3520 546 3581 numquam
563 3496 754 3581 prohibebor
771 3497 877 3562 adire?

151 3606 216 3647 nox
232 3583 310 3646 mihi
328 3583 386 3646 sub
404 3583 491 3646 nullo
509 3582 633 3646 vindice
650 3603 775 3666 semper
792 3583 868 3646 erit?

110 3671 154 3732 nil
172 3668 331 3734 metuam?
357 3690 414 3752 per
430 3668 517 3731 nulla
533 3667 656 3731 traham
673 3666 808 3750 suspiria
825 3666 971 3731 somnos?

153 3755 197 3817 nil
215 3753 327 3830 t'acies,
346 3775 403 3816 cur
419 3764 450 3817 te
468 3752 536 3817 iure
552 3753 670 3836 perisse
687 3751 801 3816 velim?

112 3839 188 3922 quid
205 3837 283 3901 mihi
300 3859 373 3902 cum
390 3837 489 3914 facili,
508 3838 585 3920 quid
602 3858 674 3902 curn
691 3837 804 3902 lenone
821 3836 953 3901 marito?

155 3923 326 4007 corrumpit
343 3923 420 3987 vitio
437 3924 555 4007 gaudia
571 3933 679 3988 nostra
696 3943 764 3985 suo.

114 4009 190 4094 quin
207 4008 318 4084 alium,
336 4029 431 4091 quem
449 4020 535 4071 tanta
552 4008 639 4073 iuvet
655 4007 821 4092 patientia,
839 4008 983 4092 quaeris?

155 4116 206 4161 me
224 4093 281 4157 tibi
298 4093 427 4160 rivalem
445 4093 473 4157 si
489 4093 578 4159 iuvat
595 4114 677 4168 esse,
695 4091 780 4159 veta!
