2604 4974
388 307 594 367 HEROIDUM
611 309 675 365 VH.
693 310 822 367 tta-1⁶9.

136 428 279 514 respergi
295 440 412 508 nostro,
430 454 541 516 sparsa
558 454 668 497 cruore
687 432 755 497 viri.

93 536 176 599 pone
193 514 271 579 deos
288 527 320 579 et
336 537 419 599 quae
436 518 597 603 tangendo
616 539 706 582 sacra
722 519 888 604 profanas:

135 621 200 663 non
218 599 299 664 bene
317 603 460 668 caelestis
478 603 576 689 impia
593 603 705 669 dextra
722 604 806 670 colit.

96 684 173 749 situ
191 686 293 751 cultor
311 709 381 752 eras
398 688 513 773 elapsis
531 689 605 773 igne
623 689 759 765 futurus,

136 771 277 855 paenitet
294 772 417 857 elapsos
435 774 564 858 ignibus
583 796 651 838 esse
670 776 756 839 deos.

96 854 226 921 forsitan
243 867 275 921 et
292 857 458 941 gravidam
476 858 601 936 Didon,
618 860 785 937 scelerate,
803 860 972 944 relinquas,

135 962 272 1027 parsque
291 943 337 1006 tui
354 942 452 1007 lateat
469 966 600 1029 corporo
617 945 726 1009 clausa
742 966 824 1010 men.

96 1027 223 1092 accedet
240 1027 314 1091 fatis
332 1029 440 1093 matris
458 1029 646 1095 miserabilis
663 1030 779 1107 infans,

136 1123 167 1177 et
183 1114 325 1177 nondum
342 1115 409 1178 nati
425 1114 546 1179 funeris
564 1126 675 1180 auctor
692 1116 767 1181 eris:

96 1219 229 1282 cumque
245 1211 377 1283 parente
395 1222 453 1265 sua
470 1200 568 1266 frater
585 1201 736 1266 morietur
752 1201 825 1278 Iuli,

134 1304 300 1368 poenaque
318 1306 455 1350 conexos
473 1285 594 1351 auferet
612 1309 677 1350 una
694 1287 784 1351 duos.

96 1369 163 1433 ‘sed
180 1368 269 1433 iubet
285 1369 331 1434 ire
349 1370 448 1435 deus!
492 1372 622 1448 vellem,
641 1372 792 1436 vetuisset
810 1373 908 1450 adire,

134 1453 259 1518 Punica
276 1477 335 1520 nec
352 1455 486 1521 Teucris
504 1479 615 1541 pressa
630 1457 741 1521 fuisset
760 1457 886 1521 humus.

96 1539 154 1604 hoc
172 1539 254 1604 duee
271 1563 385 1626 nempe
403 1542 463 1606 deo
480 1543 584 1606 ventis
602 1542 731 1627 agitaris
748 1542 864 1626 iniquis

134 1635 166 1689 et
182 1625 257 1689 teris
273 1626 308 1689 in
325 1627 436 1711 rapido
454 1639 597 1712 tempora
613 1628 709 1713 longa
726 1628 827 1692 freto?

93 1709 252 1794 Pergama
271 1710 325 1775 vix
343 1723 430 1776 tanto
448 1712 505 1776 tibi
523 1725 613 1777 erant
630 1714 802 1798 repetenda
819 1714 937 1790 labore,

133 1796 274 1861 Hectore
292 1797 319 1861 si
337 1799 426 1876 vivo,
445 1813 566 1881 quanta
582 1799 686 1874 fuere,
705 1799 822 1864 forent!

93 1902 155 1945 non
172 1882 311 1966 patrium
329 1881 494 1949 Simoenta
510 1884 607 1970 petis,
626 1884 683 1949 sed
700 1884 872 1969 Thybridis
890 1888 1003 1951 undas.

133 1990 263 2053 nempe,
281 1979 316 2032 ut
333 1969 501 2053 pervenias
519 1991 584 2053 quo
601 1970 708 2055 cupis,
723 1970 839 2055 hospes
857 1972 928 2035 eris.
992 1974 995 1979 ’

94 2064 191 2137 utque
207 2054 285 2118 latet
302 2053 443 2138 vitatque
461 2067 533 2119 tuas
551 2056 697 2120 abstrusa
715 2057 848 2132 carinas,

134 2139 188 2202 vix
206 2138 265 2202 tibi
282 2140 445 2225 continget
460 2150 545 2205 terra
562 2141 661 2226 petita
679 2141 757 2206 seni.

92 2222 149 2288 hos
167 2225 273 2308 potius
290 2227 425 2310 populos
443 2227 476 2290 in
495 2227 601 2292 dotem
619 2226 754 2313 ambage
772 2228 904 2293 remissa

134 2310 244 2393 accipe
262 2322 293 2374 et
310 2311 460 2376 advectas
476 2311 696 2397 Pygmalionis
713 2334 800 2397 opes.

93 2394 174 2459 Ilion
190 2395 225 2458 in
242 2395 373 2480 Tyriam
391 2396 527 2462 transfer
543 2397 667 2462 felicius
684 2398 796 2462 urbem

133 2479 280 2565 hancque
297 2481 367 2545 loeo
384 2482 468 2568 regis
487 2495 674 2568 sceptraque
692 2504 783 2548 sacra
800 2495 882 2550 tene.

94 2565 118 2628 si
136 2566 194 2629 tibi
210 2588 300 2631 mens
318 2567 412 2631 avida
430 2580 478 2632 est
495 2568 583 2644 belli,
603 2569 629 2632 si
647 2569 771 2652 quaerit
788 2569 889 2646 Iulus,

133 2651 219 2716 unde
237 2673 294 2715 suo
312 2663 420 2736 partus
439 2665 538 2718 marte
556 2653 734 2738 triumphus
752 2666 815 2718 eat:

92 2756 187 2819 quem
205 2750 345 2821 superet,
363 2738 482 2821 nequid
499 2739 594 2815 desit,
612 2738 835 2824 praebebimus
852 2739 985 2805 hostem.

132 2822 185 2886 hio
203 2824 290 2906 pacis
306 2824 409 2908 leges,
427 2823 476 2887 his
493 2825 581 2888 loeus
599 2847 687 2888 arma
705 2824 799 2909 capit.

90 2920 124 2972 tu
141 2908 239 2971 modo
256 2930 373 2992 -per
390 2923 522 2973 matrem
540 2909 743 2992 fraternaque
760 2910 838 2986 tela,
856 2911 998 2995 sagittas,

130 3014 253 3079 perque
270 2993 368 3078 fugae
386 2995 531 3071 comites,
548 2995 703 3059 Dardana
721 3017 827 3072 sacra,
845 2995 935 3060 deosl

87 3079 134 3144 sic
152 3091 317 3162 superent,
336 3100 553 3163 quoscumque
571 3092 627 3144 tua
645 3081 685 3146 de
702 3094 798 3166 gente
815 3093 967 3166 reportas,

130 3164 224 3228 Mars
242 3164 328 3229 ferus
346 3175 377 3229 et
395 3165 501 3229 damni
520 3165 559 3229 sit
576 3167 689 3230 modus
706 3167 759 3232 ille
777 3167 833 3244 tui,

87 3250 314 3333 Ascaniusque
332 3251 557 3335 suoefflffstj·
573 3251 704 3336 impleat
721 3274 831 3328 annos,

131 3347 164 3400 et
182 3335 266 3400 senis
284 3335 446 3401 Anchisae
464 3376 488 3401 ι.
503 3334 599 3403 ¹,riter
616 3358 688 3401 ossa
706 3338 837 3402 cubent!
856 3374 900 3384 -

87 3441 199 3504 parce,
217 3443 343 3505 precor,
362 3421 484 3499 domui,
503 3443 585 3506 quae
603 3445 637 3488 se
655 3423 713 3487 tibi
731 3424 826 3488 tradit
843 3424 1032 3491 hahendam.

132 3508 219 3591 quod
238 3506 357 3571 crimen
375 3507 453 3571 diois
470 3519 596 3593 praeter
613 3531 735 3573 amasse
753 3509 881 3574 meum?

87 3614 155 3656 non
172 3613 233 3678 ego
251 3616 321 3657 aum
339 3592 457 3657 Phthia
474 3593 661 3678 magnisque
680 3594 814 3659 oriunda
831 3594 989 3680 Mycenis,

133 3699 192 3743 neo
210 3689 364 3743 steterunt
380 3679 412 3741 in
430 3690 461 3743 te
480 3679 591 3762 virque
609 3692 762 3764 paterque
778 3702 879 3745 meus.

87 3761 120 3825 si
158 3763 236 3828 udet
252 3763 375 3840 uxoris,
393 3786 456 3827 non
474 3775 588 3850 nupta,
607 3766 663 3829 sed
681 3765 807 3851 hospita
825 3765 925 3831 dicar:
1132 3789 1181 3840 165

134 3785 210 3913 dum
229 3862 284 3914 tua
302 3849 341 3914 sit
359 3849 457 3927 Dido,
474 3851 639 3933 quodlibet
656 3874 725 3917 esse
743 3851 833 3916 feret.

87 3946 167 3999 nota
185 3935 262 3998 mihi
280 3936 361 3999 freta
378 3948 452 4000 sunt
469 3936 588 3999 Afrum
605 3936 785 4022 frangentia
802 3936 891 4001 litus:

134 4021 329 4106 temporibus
347 4020 439 4086 certis
458 4021 596 4104 dantque
615 4034 796 4108 negantque
814 4021 907 4085 viam.

87 4118 163 4170 2um
183 4107 271 4171 dabit
289 4128 367 4171 aura
384 4106 483 4182 viam,
502 4107 669 4193 praebebis
688 4108 822 4175 carbasa
835 4106 961 4188 uentis,
