2604 4974
223 677 265 743 56
562 696 595 752 Ρ.
615 697 723 754 OVlDl
741 696 904 754 NASONIS

264 816 291 881 si
309 827 374 883 tam
391 841 538 884 securum
555 831 619 885 tem
642 844 680 885 us
699 820 799 885 abibit
815 821 909 885 iners.

221 925 322 987 paene
340 904 405 968 suis
423 906 465 969 ad
481 916 512 970 te
531 844 677 970 manibus
696 906 823 971 deducit
841 917 1013 973 amantem:

154 1007 204 1056 210
264 999 353 1054 utere
370 991 549 1055 mandantis
568 991 767 1077 simplicitate
785 991 853 1055 viri.

221 1075 287 1138 sola
304 1074 388 1140 iaces
406 1076 503 1141 viduo
521 1089 586 1141 tam
602 1077 699 1162 longa
716 1087 808 1142 nocte
826 1077 936 1141 cubili:

263 1159 295 1223 in
313 1160 410 1224 viduo
426 1161 514 1227 iaceo
533 1163 618 1226 solus
636 1163 752 1248 etipse
771 1172 848 1227 toro.

220 1255 251 1310 te
269 1245 346 1309 mihi
363 1267 476 1330 meque
494 1247 552 1311 tibi
569 1247 749 1312 communia
765 1247 883 1332 gaudia
901 1247 1047 1332 iungant:

262 1331 425 1396 candidior
441 1333 545 1398 medio
563 1356 627 1397 nox
645 1333 704 1398 erit
720 1333 774 1396 illa
793 1332 854 1396 die.

152 1433 201 1483 210
219 1426 295 1481 tunc
313 1439 373 1502 ego
391 1417 502 1482 iurabo
521 1418 651 1501 quaevis
668 1417 727 1482 tibi
744 1418 875 1481 numina
892 1439 1007 1501 meque

261 1502 455 1589 adstringam
472 1504 576 1568 verbis
594 1505 627 1568 in
645 1525 734 1567 sacra
751 1503 821 1566 iura
838 1503 927 1567 meis.

219 1598 295 1652 tunc
312 1609 387 1688 ego,
406 1587 433 1652 si
449 1610 514 1653 non
532 1600 579 1653 est
595 1589 694 1653 fallax
712 1588 828 1652 fiducia
844 1600 961 1664 nostra,

261 1673 397 1739 efficiam
414 1695 577 1759 praesens,
596 1684 632 1738 ut
648 1697 721 1739 mea
737 1696 837 1759 regna
853 1685 953 1758 petas.

219 1757 246 1821 si
262 1759 363 1858 pudet
380 1769 411 1823 et
428 1759 558 1836 metuis,
575 1783 616 1825 ne
633 1782 685 1824 me
702 1759 830 1824 videare
848 1771 964 1833 secuta,

152 1861 201 1910 220
260 1866 328 1928 rpse
346 1866 418 1908 reus
436 1844 504 1909 sine
522 1855 553 1910 te
572 1844 709 1909 criminis
726 1844 820 1909 huius
839 1866 902 1908 ero.

217 1951 292 1993 nam
310 1951 424 2012 sequar
440 1929 587 2031 Aegidae
604 1930 725 1996 factum
742 1930 939 2012 fratrumque
957 1939 1098 1994 tuorum:

261 2016 405 2100 exemplo
423 2026 512 2101 tangr
528 2037 592 2080 non
609 2016 772 2101 propriore
789 2027 889 2100 potes.

218 2109 248 2164 10
266 2101 370 2185 rapuit
387 2100 545 2177 Theseus,
564 2101 706 2187 geminas
724 2100 939 2185 Leucippidas
955 2099 1015 2163 illi:

259 2195 390 2268 quartus
407 2186 440 2250 in
458 2187 610 2271 exemplis
628 2186 860 2251 adnumerabor
877 2206 946 2270 ege.

150 2288 199 2336 225
217 2269 314 2334 Troia
331 2271 439 2336 classis
457 2271 561 2347 adest,
580 2271 674 2336 armis
691 2271 844 2336 instructa
862 2271 1014 2353 virisquez

258 2356 322 2419 iam
339 2356 458 2420 facient
475 2357 592 2421 celeres
609 2378 714 2421 remus
733 2367 765 2421 et
782 2379 859 2420 aura
876 2356 953 2419 vias.

216 2440 276 2506 ibis
294 2441 474 2506 Dardanias
491 2442 604 2526 ingens
622 2442 731 2527 regina
748 2464 805 2526 per
821 2441 928 2516 urbes,

259 2537 352 2610 teque
370 2549 485 2591 novam
503 2527 610 2592 credet
626 2528 680 2591 vul
704 2550 742 2590 us
760 2527 871 2591 adesse
888 2527 990 2591 deam.

216 2632 342 2696 quaque
361 2612 444 2677 feres
462 2635 604 2697 gressus,
623 2549 795 2676 adolebunt
812 2611 959 2676 cinnama
974 2612 1132 2692 flammae,

147 2716 197 2765 200
257 2719 411 2781 caesaque
428 2697 636 2783 sanguineam
653 2697 780 2762 victima
797 2698 927 2783 planget
944 2697 1086 2762 humum.

174 2806 200 2849 r
215 2782 298 2847 dona
315 2796 405 2868 pater
421 2784 596 2867 fratresque
614 2793 646 2848 et
664 2805 736 2848 cum
753 2783 912 2868 genetrice
930 2804 1052 2849 sorores

256 2868 440 2953 Iliadesque
458 2890 566 2933 omnes
583 2879 713 2953 totaque
730 2869 826 2933 Troia
843 2868 940 2933 dabit.

215 2953 244 3018 ei
262 2953 352 3030 mihi,
370 2977 443 3055 pars
461 2977 480 3018 2
497 2978 547 3020 me
566 2954 619 3019 vix
637 2954 751 3018 dicitur
768 2954 832 3018 ulla
850 2953 963 3018 futuri:

257 3040 349 3124 plura
365 3043 462 3116 feres,
481 3061 577 3122 quam
595 3061 676 3123 quae
694 3039 798 3104 littera
815 3051 923 3104 nostra
939 3038 1045 3104 refert.

148 3143 197 3191 200
214 3146 274 3189 nec
291 3136 326 3189 tu
343 3137 434 3210 rapta
451 3126 541 3201 time,
559 3148 600 3190 ne
617 3147 675 3190 nos
693 3125 762 3191 fera
777 3125 861 3189 bella
880 3137 1061 3207 sequantur,

258 3211 393 3274 concitet
411 3221 442 3274 et
460 3210 543 3275 vires
562 3209 699 3276 Graecia
717 3233 834 3295 magna
851 3233 934 3275 21122.

214 3306 262 3360 101
278 3296 364 3380 prius
382 3295 526 3360 abductis
544 3308 693 3379 ecquaest
709 3296 842 3381 repetita
859 3318 917 3381 per
934 3295 1039 3360 arma?

257 3381 350 3446 crede
367 3381 458 3458 mihi,
476 3402 575 3445 vanos
593 3404 643 3446 res
661 3381 757 3445 habet
773 3381 835 3445 ista
852 3392 963 3446 metus.

213 3466 340 3531 nomine
359 3477 510 3552 ceperunt
526 3466 696 3549 Aquilonis
713 3465 908 3531 Erechthida
925 3466 1076 3543 Thraces,

145 3571 196 3619 240
256 3568 288 3617 01
304 3562 373 3616 tuta
390 3575 409 3616 a
427 3552 509 3616 bello
527 3552 667 3616 Bistonis
685 3574 741 3615 ora
757 3551 827 3615 fuit.

212 3637 353 3702 Phasida
369 3660 476 3723 puppe
494 3660 577 3701 nova
594 3637 681 3702 vexit
697 3635 862 3722 Pagaseus
880 3637 986 3714 Iason,

255 3723 342 3788 laesa
358 3744 461 3806 neque
479 3733 527 3788 021
546 3719 667 3787 Colcha
684 3722 838 3787 Thessala
854 3732 938 3787 terra
955 3745 1061 3787 manu.

212 3821 243 3874 te
261 3829 387 3892 quoque
404 3808 460 3892 qui
475 3807 593 3892 rapuit,
611 3808 716 3894 rapuit
732 3807 877 3872 Minoida
894 3807 1051 3873 Theseusz

254 3895 342 3958 nuha
360 3917 465 3958 tamen
481 3893 590 3958 Minos
608 3891 720 3958 Cretas
738 3893 779 3956 ad
797 3916 884 3957 arma
902 3905 1004 3959 vocat.

145 3996 195 4046 240
213 3990 313 4044 101101
328 3979 362 4044 in
379 3979 429 4044 his
446 3979 514 4064 ipso
532 3979 633 4044 maior
650 3979 730 4044 solet
747 4001 816 4043 esse
833 3978 965 4064 periclo:

254 4085 380 4148 quaque
397 4065 508 4129 timere
525 4065 616 4142 libet,
634 4064 833 4150 pertimuisse
850 4064 957 4149 pudet.

210 4151 295 4236 finge
313 4161 435 4227 tamen,
453 4149 480 4214 si
497 4149 559 4227 vis,
577 4150 695 4235 ingens
708 4171 898 4234 consurgere
915 4149 1049 4215 bellum:

254 4235 378 4300 etmihi
395 4246 468 4300 sunt
485 4235 582 4311 vires,
601 4246 633 4300 01
649 4257 720 4298 mea
737 4235 800 4298 tela
817 4245 941 4300 nocent.

210 4342 270 4387 neo
286 4321 389 4385 minor
404 4332 453 4386 est
470 4320 568 4385 Asiae
585 4340 681 4402 quam
698 4330 822 4384 vestrae
840 4321 931 4406 copia
948 4331 1064 4386 terraer

28 4460 31 4465 .
144 4426 194 4481 200
253 4406 309 4471 illa
325 4405 400 4471 viris
418 4406 521 4483 dives,
540 4405 627 4470 dives
644 4403 809 4469 habundat
826 4405 925 4489 equis.

210 4513 271 4563 1100
285 4491 359 4583 plus
375 4490 507 4557 Atrides
524 4490 621 4557 animi
637 4489 805 4555 Menelaus
823 4490 963 4573 habebit,
