2604 4974
250 338 267 380 ς
313 314 570 373 musorouuu
586 313 730 371 sucuro
748 296 908 381 crassa,
974 348 976 353 -
1053 298 1135 385 Ι213

157 441 208 507 hic
226 440 325 512 vomit
341 449 450 525 epotas
469 439 537 503 dira
554 436 734 523 Charybdis
751 459 860 520 aquas.
1153 459 1202 508 ⁷40

115 540 188 593 sunt
205 549 286 610 quae
304 548 368 590 non
385 538 517 611 possunt
534 524 640 607 aliquo
658 536 790 608 cogente
808 523 920 601 iuberi,
1024 544 1028 550 ·
1127 584 1130 591 ,
1190 564 1197 574 -

157 635 251 698 saepe
269 624 375 676 tamen
394 634 469 676 casu
486 611 571 679 facta
587 609 696 674 iuvare
714 610 832 673 solent.¹

114 700 226 785 perdat
242 720 318 782 opes
336 696 497 761 Phaedra:
515 717 643 781 parces,
661 695 824 780 Neptune,
841 692 961 780 nepoti,

159 783 231 869 [nec
248 783 343 847 faciet
360 781 493 866 pavidos
511 792 620 845 taurus
639 780 742 845 avitus
760 801 868 863 equos.

115 869 259 936 Gnosida
276 869 405 932 fecisses
422 868 564 951 inopem:
583 866 741 952 sapienter
757 864 920 952 amasset]

157 954 273 1019 divitiis
292 955 384 1017 alitur
401 953 581 1017 luxuriosus
599 975 697 1016 amor.
916 1021 919 1025 ,

114 1064 170 1106 cur
187 1062 280 1105 nemo
298 1051 355 1116 est,
373 1039 531 1114 Hecalen‚
549 1039 636 1103 nulla
654 1049 714 1113 est,
733 1058 814 1119 quae
832 1037 951 1123 ceperit
968 1037 1061 1102 Iron?

155 1149 269 1211 nempe
287 1124 373 1208 quod
392 1125 471 1189 alter
488 1147 599 1209 egens,
618 1124 716 1188 altera
732 1145 854 1210 pauper
872 1134 948 1189 erat.

113 1212 304 1287 nonhabet,
322 1210 407 1279 unde
425 1233 518 1274 suum
535 1221 704 1296 paupertas
721 1226 997 1294 pascatamorem.

155 1320 218 1362 non
236 1309 342 1362 tamen
359 1297 420 1360 hoc
438 1297 517 1360 tanti
535 1307 596 1372 est,
614 1318 678 1380 pau
701 1318 735 1360 er
752 1306 788 1358 ut
805 1317 873 1359 esse
892 1295 980 1359 velis.

114 1394 146 1448 at
163 1383 242 1447 tanti
259 1382 316 1447 tibi
333 1381 387 1457 sit,
405 1402 469 1446 non
486 1381 650 1466 indulgere
668 1317 807 1456 tlieatris,

156 1470 232 1533 dum
249 1469 329 1534 bene
347 1467 386 1532 de
404 1489 505 1531 vacuo
523 1479 650 1552 pectore
667 1466 759 1531 cedat
775 1487 873 1530 amor.

114 1565 265 1620 enervant
282 1554 403 1618 animos
421 1551 559 1617 citharae
576 1552 719 1634 lotosque
736 1552 887 1637 lyraeque

155 1652 187 1705 et
205 1663 267 1704 vox
285 1651 317 1704 et
333 1639 472 1703 numeris
491 1638 620 1702 brachia
637 1650 723 1702 mota
740 1638 815 1702 suis.

113 1727 177 1790 illic
194 1726 325 1790 adsidue
342 1725 407 1788 ficti
424 1725 577 1788 saltantur
594 1735 749 1789 amantes:

155 1811 232 1895 quid
250 1821 492 1886 caveas‚.actor‚
510 1809 587 1893 quid
604 1810 706 1885 iuvet,
725 1820 791 1873 arte
810 1809 910 1873 docet.

113 1898 243 1980 eloquar
259 1896 391 1960 invitus:
411 1906 534 1960 teneros
552 1919 592 1960 ne
611 1906 706 1981 tange
723 1895 846 1980 poetas!

155 2005 337 2047 summoveo
355 1981 443 2046 dotes
460 1981 559 2066 ipsius
577 1981 645 2066 ipse
662 2003 759 2046 meas.

114 2067 344 2133 Callimachum
361 2066 479 2152 iugito:
497 2089 562 2131 non
580 2078 628 2132 est
645 2066 790 2131 inimicus
808 2066 936 2143 Amori3

155 2165 276 2219 etcum
295 2150 491 2217 Callimacho
509 2164 543 2217 tu
562 2174 703 2236 quoque,
723 2150 805 2228 Coe,
823 2174 928 2216 noces.

113 2262 163 2304 me
182 2250 266 2305 certe
284 2237 415 2323 Sappho
434 2239 594 2302 meliorem
612 2238 686 2302 fecit
705 2239 835 2314 amicae,

154 2348 213 2389 nec
230 2323 348 2409 rigidos
366 2345 469 2387 mores
487 2324 566 2388 Teia
584 2324 681 2387 Musa
698 2323 794 2387 dedit.

112 2410 252 2474 carmina
269 2409 339 2492 quis
357 2408 460 2493 potuit
477 2419 545 2473 tuto
562 2409 592 2472 le
617 2409 678 2473 'sse
696 2409 826 2484 Tibulli,

154 2495 205 2559 vel
222 2507 291 2570 tua,
311 2494 400 2558 ouius
418 2515 498 2579 opus
517 2432 657 2578 Cynthia
675 2495 742 2558 sola
759 2493 838 2558 fuit?

111 2581 182 2666 quis
200 2581 314 2666 poterit
330 2580 411 2645 lecto
430 2580 527 2644 durus
546 2579 705 2645 discedere
725 2578 839 2645 Gallo?

154 2679 184 2731 et
202 2689 272 2731 mea
289 2665 395 2730 nescio
414 2665 490 2748 quid
508 2665 649 2729 carmina
665 2667 729 2730 tale
746 2677 869 2730 sonant.
886 2702 930 2714 -—

111 2752 274 2836 quodnisi
292 2751 357 2814 dux
375 2751 477 2835 operis
496 2761 599 2816 vatem
617 2751 786 2815 frustratur
803 2752 931 2836 Apollo,

153 2838 296 2903 aemulus
314 2847 362 2901 est
378 2836 477 2901 nostri
494 2837 633 2901 maxima
650 2859 747 2901 causa
764 2838 849 2902 mali.

111 2935 144 2987 at
162 2938 196 2987 tu
214 2923 344 2988 rivalem
362 2922 427 2986 noli
444 2922 502 2987 tibi
519 2923 638 3007 fingere
656 2945 858 3007 quemquam,

152 3008 248 3092 inque
267 3029 324 3072 suo
341 3009 440 3073 solam
459 3009 551 3077 crede
569 3010 672 3074 iacere
690 3020 769 3073 toro,

111 3094 213 3158 acrius
231 3093 426 3158 Hermionen
443 3093 515 3158 ideo
534 3093 643 3159 dilexit
662 3092 802 3171 Orestes,

153 3202 221 3244 esse
239 3179 325 3262 quod
343 3180 470 3245 alterius
488 3201 543 3245 coe
568 3191 635 3246 erat
651 3180 706 3244 illa
723 3180 791 3245 viri.

110 3265 201 3348 quid,
219 3265 382 3341 Menelao,
401 3266 507 3330 doles?
532 3203 601 3331 ihas
619 3266 687 3331 sine
706 3266 839 3353 coniuge
858 3265 976 3333 Creten

153 3363 184 3415 et
200 3361 325 3435 poteras
342 3362 442 3435 nupta
458 3352 562 3416 lentus
580 3353 691 3418 abesse
708 3363 773 3417 tua.

109 3447 144 3500 ut
162 3436 254 3500 Paris
272 3436 353 3500 hanc
370 3437 489 3521 rapuit,
507 3459 592 3501 nunc
609 3438 737 3503 demum
754 3460 852 3503 uxore
870 3460 976 3504 carere

151 3544 215 3587 non
232 3531 337 3607 potes:
356 3522 483 3586 alterius
502 3524 598 3587 crevit
617 3546 723 3588 amore
740 3535 824 3588 tuus.

109 3607 169 3671 hoc
188 3619 219 3672 et
236 3607 268 3670 in
286 3606 424 3670 abducta
440 3607 584 3673 Briseide
602 3609 698 3673 flebat
715 3609 868 3686 Achilles,

151 3693 238 3761 illam
255 3690 432 3756 Plisthenio
449 3693 567 3778 gaudia
584 3694 667 3759 ferre
685 3706 763 3759 toro.

108 3801 167 3844 nec
184 3780 301 3842 frustra
317 3778 427 3854 flebat,
445 3777 522 3843 mihi
540 3780 666 3844 credite.
710 3781 785 3844 feeit
802 3781 942 3859 Atrides,

151 3863 237 3946 quod
255 3863 281 3927 si
298 3884 363 3927 non
380 3862 512 3941 faceret,
530 3865 663 3950 turpiter
680 3878 762 3931 esset
778 3864 872 3930 iners.

109 3961 192 4015 certe
211 3970 270 4050 ego
288 3948 447 4024 fecissem,
465 3971 525 4015 neo
542 3973 613 4015 sum
630 3951 800 4037 sapientior
816 3951 884 4017 illol

150 4035 287 4099 invidrae
305 4034 426 4099 fructus
444 4035 600 4101 maximus
617 4036 670 4102 ille
688 4037 757 4101 fuit.

108 4143 182 4191 nam
200 4120 262 4223 sibi
277 4122 363 4208 quod
379 4143 555 4210 numquam
572 4133 693 4191 tactam
706 4123 862 4191 Briseida
869 4125 967 4190 'iurat
