2604 4974
368 254 573 327 muouruu
589 268 671 324 mx.
688 266 832 327 rra-roo.
977 306 981 315 .
1052 246 1092 319 u

112 413 176 456 non
196 391 255 456 erit
272 391 389 458 idcireo
406 415 465 494 per
482 404 537 458 tua
556 415 653 458 osusa
669 416 769 459 meae.

68 474 148 542 haee
166 477 244 542 mihi
262 501 296 543 se
312 479 448 565 pepigit,
465 490 557 565 pater
572 479 655 544 hano
672 480 739 556 tibi,
757 479 878 564 primus
897 480 937 544 ab
955 480 1022 557 illa3

111 564 167 628 sed
186 564 314 663 propior
331 577 429 642 certe,
447 587 545 648 quam
561 576 660 650 pater,
677 564 748 664 ipsa
765 564 824 628 sibi
842 576 899 630 est.

67 649 214 734 promisit
231 661 322 735 pater
338 650 434 715 hano:
453 651 533 716 haee
551 663 582 716 et
599 651 716 714 iuravit
733 650 865 715 amanti:

110 735 164 799 ille
182 734 339 812 homiues,
358 736 437 801 haee
455 748 503 800 est
520 736 687 802 testificata
703 736 806 800 deam.

66 817 120 885 hio
138 823 250 886 metuit
266 823 418 899 mendax,
437 823 527 887 timet
543 822 622 887 haee
639 822 766 907 periura
783 821 902 886 vocari:

111 929 189 970 num
207 907 346 984 dubites,
364 908 416 971 hio
434 909 475 971 sit
490 909 591 972 maior
608 930 649 971 an
666 907 718 972 ille
736 907 858 973 metus?

67 991 220 1075 denique,
238 1002 274 1057 ut
290 993 456 1058 amborum
474 994 616 1059 conferre
633 993 774 1078 pericula
790 993 902 1077 possis,

110 1079 232 1163 respice
250 1078 291 1142 ad
308 1092 453 1144 eventus:
471 1079 551 1145 haee
568 1079 678 1156 oubat,
696 1078 749 1144 ille
767 1080 860 1144 valet.

67 1185 127 1227 nos
146 1185 272 1247 quoque
290 1165 433 1230 dissimili
451 1165 623 1231 certamina
639 1175 745 1230 mente
763 1164 916 1242 subimus,

109 1271 169 1314 neo
187 1272 260 1336 spes
278 1272 336 1335 par
352 1251 443 1316 nobis
461 1273 520 1316 nee
537 1250 631 1314 timor
648 1272 768 1333 aequus
786 1250 885 1315 adest.

66 1344 102 1398 tu
118 1334 202 1419 petis
220 1359 260 1400 ex
276 1346 359 1402 tuto:
378 1338 506 1422 gravior
521 1336 598 1400 mihi
616 1348 716 1401 morte
734 1337 861 1422 repulsa
878 1345 936 1413 est,

109 1419 206 1504 idque
225 1443 285 1521 ego
302 1421 380 1497 iam,
398 1423 484 1507 quod
501 1434 537 1487 tu
554 1422 661 1486 forsan
680 1421 816 1499 amabis,
835 1442 916 1485 amo.

66 1505 94 1569 si
110 1506 170 1570 tibi
186 1506 338 1585 iustitiae,
357 1508 383 1572 si
400 1509 478 1573 recti
496 1531 572 1573 cura
589 1507 711 1585 fuisset,

108 1592 222 1657 cedere
240 1592 395 1658 debueras
411 1594 539 1680 ignibus
556 1593 624 1679 ipse
641 1593 730 1659 meis.

64 1699 151 1742 nuno
168 1679 317 1762 quoniam
335 1679 422 1744 ferus
439 1680 491 1744 hio
507 1702 565 1765 pro
583 1701 679 1744 eausa
696 1701 740 1764 pu
786 1687 818 1742 at
835 1677 954 1761 iniqua,

108 1764 150 1828 ad
168 1763 260 1847 quid,
280 1761 441 1851 Cydippe,
459 1766 562 1830 littera
578 1775 686 1829 nostra
702 1701 803 1830 redii?

63 1848 116 1914 hio
134 1849 226 1926 faoit,
243 1860 280 1915 ut
294 1850 400 1916 iaceas
418 1862 449 1916 et
467 1851 510 1916 sis
528 1862 673 1936 suspecta
690 1849 830 1914 Dianae:

107 1935 193 2000 huno
210 1947 260 2013 tu,
279 1936 306 2001 si
323 1936 442 2037 sapias,
460 1937 557 2001 limen
574 1937 661 2001 adire
678 1947 775 2002 vetes.

63 2020 125 2086 hoo
142 2020 279 2087 faciente
295 2023 384 2087 sub1s
401 2034 467 2086 tam
484 2045 580 2088 saeva
596 2022 737 2106 pericula
754 2021 852 2087 vitae:

106 2117 203 2190 atque
221 2108 342 2172 utinam
359 2129 417 2194 pro
435 2119 481 2185 te,
500 2109 555 2192 qui
572 2118 679 2173 movet
695 2107 763 2184 illa,
782 2106 888 2173 oadutt

62 2214 159 2277 quem
177 2193 204 2257 si
221 2194 396 2294 reppuleris
413 2217 487 2271 neo,
505 2216 601 2277 quem
619 2194 679 2258 dea
697 2194 839 2271 damnat,
858 2193 983 2270 amaris,

107 2290 139 2343 et
155 2290 191 2342 tu
209 2291 374 2357 oontmuo,
393 2291 477 2345 oerte
495 2303 556 2365 ego
574 2280 681 2344 salvus
699 2301 762 2345 ero.

62 2364 139 2429 siste
156 2375 293 2442 metum,
311 2365 416 2451 virgo:
436 2366 541 2431 stabili
557 2366 677 2452 potiere
695 2365 806 2442 salute,

105 2449 158 2515 fae
175 2451 270 2515 modo
288 2450 418 2537 polliciti
436 2452 562 2516 conseia
578 2450 697 2551 templa
714 2451 810 2514 colas.

61 2557 128 2600 non
144 2537 227 2602 bove
244 2546 381 2602 maotato
400 2538 547 2602 caelestia
563 2559 693 2602 numma
710 2535 860 2621 gaudent,

106 2622 178 2699 sed,
197 2644 280 2706 quae
296 2624 487 2708 praestanda
505 2633 553 2687 est
570 2633 602 2687 et
619 2623 686 2686 sine
704 2633 798 2696 teste,
816 2621 888 2685 fide.

61 2717 99 2771 ut
116 2707 242 2773 valeant
247 2755 256 2785 ,
274 2708 356 2773 aliae
373 2709 493 2774 ferrum
510 2707 674 2794 patiuntur
691 2719 723 2773 et
739 2708 844 2792 ignes:

105 2792 169 2858 fert
186 2793 255 2858 aliis
273 2795 394 2858 tristem
412 2816 506 2859 suous
524 2816 650 2858 amarus
668 2814 770 2878 opem

61 2879 108 2943 nil
126 2900 207 2964 opus
225 2890 273 2944 est
289 2879 373 2945 istis:
392 2891 516 2944 tantum
532 2879 670 2964 periuria
688 2878 754 2942 vita

104 2976 200 3047 teque
218 2965 312 3029 simul
330 2988 421 3030 serva
438 2986 553 3049 meque
571 2966 740 3048 datamque
757 2964 862 3028 fidem.

61 3050 250 3136 praeteritae
268 3051 392 3116 veniam
410 3051 499 3117 dabit
515 3050 694 3137 ignorantia
711 3051 837 3136 eulpae:

105 3135 287 3202 exciderant
305 3137 411 3201 animo
429 3137 557 3203 foedera
574 3138 656 3202 lecta
673 3147 738 3201 tuo.

62 3221 224 3286 admonita
242 3245 275 3287 es
293 3223 388 3287 modo
407 3244 485 3288 vooe
502 3246 589 3299 mea,
607 3223 702 3286 modo
720 3222 845 3286 ossibus
863 3221 941 3296 istis,

105 3328 200 3390 quos,
219 3308 364 3391 quotiens
382 3319 518 3393 temptas
536 3309 660 3385 fallere,
678 3308 760 3373 ferre
778 3308 870 3372 soles.

61 3392 110 3457 his
128 3413 255 3476 quoque
272 3393 379 3458 vitetis
396 3394 430 3457 in
446 3405 540 3479 partu
557 3416 673 3478 nempe
690 3415 725 3458 ro
749 3393 829 3471 abis,

103 3488 141 3542 ut
158 3478 216 3542 tibi
232 3479 381 3544 luciferas
399 3480 523 3544 adt'erat
539 3479 594 3544 illa
611 3417 748 3543 manusd

60 3563 169 3628 audiet
186 3563 274 3630 haee.
318 3576 462 3649 repetens
480 3586 562 3648 quae
580 3565 643 3629 sint
660 3564 782 3643 audita,
800 3564 940 3647 requiret

102 3648 189 3734 ipsa,
207 3650 265 3713 tibi
283 3650 323 3716 de
341 3671 405 3733 quo
423 3650 558 3736 coniuge
575 3661 685 3735 partus
703 3661 764 3714 eat

59 3734 225 3820 promittes
243 3747 367 3801 votum:
386 3736 446 3801 soit
462 3747 493 3802 te
510 3737 693 3821 promittere
710 3735 801 3800 falso.

101 3820 237 3886 iurabis:
256 3821 316 3885 soit
331 3833 363 3887 te
380 3821 489 3887 fallere
507 3844 599 3907 posse
618 3822 704 3888 deos.

59 3928 124 3971 non
142 3906 249 4007 agitur
266 3907 306 3972 de
323 3929 384 3973 me.
429 3929 505 3971 eura
522 3909 651 3973 meliore
668 3908 787 3972 laboro.

101 4016 198 4057 anx1a
216 4003 289 4057 sunt
306 3993 372 4058 vita
388 4005 516 4078 pectora
533 4005 641 4058 nostra
659 4006 723 4077 tua.

59 4099 117 4149 eur
134 4077 230 4148 modo
247 4089 278 4146 te
297 4078 427 4145 dubiam
444 4080 553 4172 pavidi
570 4080 685 4148 flevere
703 4088 859 4172 parentes,
