2604 4974
259 323 465 382 unnomuu
481 323 573 380 xvu.
592 323 734 378 roa-218.
752 319 860 378 xvur.
881 319 973 375 1-59.
1083 301 1124 369 69

149 450 237 534 quod
253 448 382 526 faciam,
400 458 543 548 superest
560 458 685 533 praeter
702 467 808 511 amare
824 435 912 508 nihil
1066 514 1068 519 ⁴

105 536 195 618 quod
211 544 368 620 superest,
386 534 484 610 fac10,
502 545 611 616 teque,
630 555 649 598 c
667 555 738 597 mea
756 531 823 595 sola
840 530 997 614 voluptas,

148 622 221 706 plus
239 642 380 705 quoque,
398 641 495 702 quam
511 619 601 684 reddi
619 618 704 702 quod
721 616 799 681 mihi
815 615 930 701 possit,
948 636 1030 678 arno.

106 722 162 771 aut
179 728 240 791 ego
258 728 330 769 cum
348 727 422 769 cara
440 705 478 770 de
496 715 527 770 te
544 705 665 769 nutrice
683 723 821 778 susurr0,

150 813 295 875 quaeque
313 802 418 866 tuum,
436 790 541 866 miror,
560 812 657 854 causa
673 801 813 853 moretur
829 787 902 852 iter:

106 889 163 942 aut
179 899 266 941 mare
284 876 478 961 prospiciens
496 876 604 940 odioso
622 875 745 940 concita
762 883 857 939 vento

150 962 284 1047 corripio
302 961 406 1026 verbis
424 983 561 1044 aequora
578 983 678 1046 paene
695 960 773 1025 tuis:

107 1059 176 1123 aut,
194 1048 249 1112 ubi
266 1046 416 1112 saevitiae
433 1047 564 1132 paulum
582 1046 687 1130 gravis
705 1047 791 1110 unda
807 1044 937 1121 remisit,

149 1155 241 1218 posse
259 1133 402 1217 quidem,
420 1133 476 1197 sed
494 1143 524 1197 te
542 1133 625 1197 nolle
643 1132 751 1197 venire
768 1152 893 1215 queror,

108 1219 247 1300 dumque
264 1239 388 1301 queror,
405 1218 553 1282 lacrimae
570 1241 627 1302 per
645 1217 782 1281 amantia
798 1216 919 1280 lumina
936 1227 1075 1290 manant,

150 1304 263 1388 pollice
280 1325 360 1388 quas
378 1305 511 1368 tremulo
529 1304 655 1368 conscia
672 1303 770 1366 siccat
786 1325 876 1366 anus.

107 1412 202 1475 saepe
220 1389 280 1466 tui,
300 1399 423 1473 spect0,
442 1389 468 1452 si
485 1389 547 1453 sint
564 1390 597 1453 in
613 1389 704 1454 litore
722 1411 846 1473 passus,

149 1475 313 1559 impositas
330 1485 492 1559 tamquam
510 1486 613 1540 servet
629 1475 749 1538 harena
765 1484 870 1538 notas:

107 1571 206 1645 utque
223 1580 334 1646 rogem
351 1561 390 1625 de
408 1571 439 1625 te
457 1573 488 1626 ct
505 1561 640 1625 scribam
658 1560 730 1635 tibi,
748 1559 846 1642 siquis
864 1557 983 1642 Abydo

150 1647 270 1711 venerit.
288 1656 356 1721 aut,
374 1667 506 1729 quaero,
524 1646 623 1730 siquis
641 1646 783 1729 Abydon
800 1655 875 1710 eat.—

107 1732 185 1815 quid
202 1732 352 1807 referam,
371 1732 515 1814 quotiens
534 1733 606 1796 dem
623 1732 763 1796 vestibus
782 1732 902 1808 oscula,
921 1751 1000 1813 quas
1018 1739 1053 1792 tu
1157 1802 1161 1812 .

150 1817 409 1901 Hellespontiaca
425 1818 516 1903 ponis
533 1818 633 1883 iturus
652 1818 754 1901 aqua?

107 1903 153 1966 sic
169 1902 226 1965 ubi
242 1904 297 1966 lux
316 1912 386 1966 acta
403 1914 499 1969 estet
516 1904 617 1968 noctis
635 1904 765 1969 amicior
781 1904 859 1968 hora

150 1987 294 2052 exhibuit
310 1989 401 2073 pulso
419 1988 522 2053 sidera
538 1989 625 2053 clara
642 1989 703 2066 die,

106 2073 249 2159 protinus
266 2073 300 2137 in
318 2096 441 2138 summo
459 2074 623 2159 vigilantia
638 2075 758 2140 lumina
776 2087 859 2140 tecto

101 2159 105 2166 ’
149 2159 310 2244 ponimus,
329 2159 479 2224 adsuetae
496 2160 588 2244 signa
604 2172 774 2245 notamque
792 2162 871 2238 viae,

107 2255 252 2326 tortaque
269 2254 394 2308 versato
412 2245 562 2310 ducentes
581 2246 715 2310 stamina
732 2246 804 2310 tirso

149 2329 287 2395 feminea
304 2329 409 2393 tardas
426 2329 565 2394 fallimus
584 2342 650 2396 arte
667 2353 781 2396 moras.

107 2416 184 2498 quid
201 2415 314 2498 loquar
330 2414 450 2479 interca
467 2425 532 2479 tam
548 2417 644 2501 longo
662 2427 817 2502 tempore,
836 2417 980 2500 quaeris?

78 2552 87 2565 .
149 2501 194 2564 nil
210 2499 272 2564 nisi
289 2499 429 2564 Leandri
446 2523 562 2565 nomen
579 2501 612 2565 in
629 2522 683 2567 ore
700 2524 771 2567 meo
790 2513 846 2567 est.

107 2586 225 2650 ‘iamne
242 2596 336 2670 putas
354 2586 456 2651 exisse
474 2587 568 2650 domo
585 2609 656 2651 mea
673 2587 805 2672 gaudia,
822 2589 938 2666 nutrix,

149 2694 190 2735 an
207 2671 340 2757 vigilant
357 2692 465 2736 omnes
484 2683 516 2736 et
532 2671 621 2736 timet
637 2672 689 2737 ille
707 2673 802 2738 suos?

106 2755 210 2821 iamne
229 2779 303 2820 suas
320 2758 436 2822 umeris
453 2757 543 2821 illum
561 2757 718 2842 deponere
736 2770 850 2835 vestes,

148 2841 281 2906 Pallade
298 2843 362 2906 iarn
379 2843 491 2928 pingui
507 2843 653 2928 tinguere
669 2844 813 2909 membra
829 2843 941 2929 putas?

107 2927 217 2991 adnuit
233 2927 288 2992 illa
304 2927 385 3005 fere,
404 2950 467 2992 non
483 2939 590 2993 nostra
607 2929 692 3012 quod
710 2930 819 2994 oscula
835 2941 933 3008 curet,

149 3013 205 3077 sed
223 3024 330 3078 movet
347 3014 501 3098 obrepens
520 3036 649 3079 somnus
667 3015 749 3080 anile
768 3026 872 3100 caput.

106 3109 240 3182 postque
258 3121 365 3162 morae
383 3099 547 3163 minimum
567 3100 645 3164 ‘iam
662 3112 745 3166 certe
763 3102 912 3187 navigat,’
930 3102 1061 3186 inquam

150 3183 311 3266 ‘lentaque
329 3184 454 3249 dimotis
473 3185 620 3250 bracchia
636 3187 733 3251 iactat
750 3187 860 3271 aquis.'

106 3289 271 3353 paucaque
288 3291 362 3333 cum
379 3281 463 3334 tacta
479 3270 598 3354 perfeci
615 3272 750 3336 stamina
767 3273 840 3350 tela,

149 3377 191 3418 an
207 3354 312 3419 medio
329 3355 445 3440 possis,
463 3357 659 3438 quaerimus,
678 3379 747 3422 esse
765 3357 856 3423 freto.

106 3449 137 3504 et
155 3439 249 3503 modo
266 3441 490 3525 prospicimus,
508 3441 618 3505 timida
634 3443 728 3507 modo
747 3464 824 3508 voce
841 3466 1017 3530 precamur,

147 3535 184 3589 ut
200 3524 258 3588 tibi
275 3525 327 3590 det
345 3526 455 3590 faciles
472 3527 556 3589 utilis
575 3549 652 3590 aura
669 3527 746 3592 vias.

105 3609 234 3674 auribus
251 3609 378 3674 incertis
395 3633 489 3675 voces
507 3622 671 3696 captamus
689 3624 721 3678 et
738 3635 863 3679 omnem

148 3695 304 3759 adventus
322 3696 487 3779 strepitum
506 3697 663 3761 credimus
680 3721 750 3764 esse
768 3700 824 3763 tui.

105 3780 150 3844 sic
167 3780 224 3843 ubi
241 3780 391 3866 deceptae
409 3804 481 3865 para
500 3792 547 3845 est
564 3782 641 3846 mihi
658 3785 796 3848 maxima
813 3784 913 3851 noctis

148 3877 233 3942 acta,
252 3865 337 3930 subit
354 3866 463 3930 furtim
480 3867 602 3931 lumina
619 3868 705 3932 fessa
723 3891 826 3954 sopor.

105 3950 237 4015 forsitan
254 3951 384 4028 invitus,
402 3974 527 4016 mecum
544 3963 663 4029 tamen,
681 3954 838 4037 improbe,
857 3956 974 4022 dormis

148 4046 194 4113 et,
213 4058 405 4120 quamquam
420 4058 486 4126 ¹non
504 4037 551 4102 vis
568 4039 637 4123 ipse
655 4039 772 4116 venire,
791 4041 889 4106 venis.

104 4144 180 4192 cam
197 4121 291 4192 modo
309 4133 340 4193 te
358 4123 582 4214 videor-prope
599 4125 664 4191 iam
681 4136 822 4216 spectare
840 4140 1019 4204 natantem,
