2604 4974
287 308 545 367 naunotonuu
561 306 705 364 Auoars
723 309 866 364 sao-eor.
1024 295 1088 364 209

109 435 182 499 huic
200 445 289 520 pater
307 445 380 499 ante
398 433 505 498 oculos
525 434 624 498 durus
641 433 806 498 habendus
824 432 891 498 erit.
909 450 912 457 ’

67 521 118 585 hic
135 522 218 584 male
236 521 343 584 dotata
359 543 481 605 pauper
498 542 570 584 cum
590 517 725 604 coniuge
742 518 835 584 vivit:
1108 537 1158 586 565

109 628 242 670 uxorem
259 606 325 669 fato
343 605 452 670 credat
469 605 580 670 adesse
599 627 666 670 suo.

67 691 191 757 esttibi
208 713 281 755 rure
298 691 382 755 bono
399 713 573 776 generosae
590 690 702 756 fertilis
718 713 801 755 uvae

110 777 223 841 vinea?
240 799 281 841 ne
298 799 432 841 nascens
450 788 522 841 usta
541 776 580 840 sit
598 800 675 854 uva,
693 776 779 841 time.

67 863 121 927 ille
139 863 235 927 habet
253 862 286 926 in
303 862 406 928 reditu
423 863 544 927 navim:
563 885 650 928 mare
669 884 794 947 semper
810 861 955 944 iniquum

111 948 228 1034 cogitet
245 961 277 1012 et
295 948 410 1012 damno
427 948 520 1012 litora
536 948 602 1013 feta
620 969 688 1012 su0.

68 1034 151 1098 filius
169 1034 253 1098 hunc
271 1033 377 1110 miles,
395 1045 427 1098 te
444 1033 509 1098 filia
526 1033 645 1098 nubilis
664 1045 769 1118 angat.

112 1120 231 1203 etquis
249 1141 312 1184 non
330 1141 442 1184 causas
460 1119 545 1184 mille
564 1119 679 1184 doloris
698 1119 812 1184 habet?

68 1218 104 1270 ut
121 1228 231 1291 posses
249 1205 351 1270 odisse
369 1216 472 1282 tuam,
489 1205 581 1282 Pari,
599 1205 713 1270 funera
729 1203 864 1269 fratrum

112 1292 267 1356 debueras
285 1291 385 1355 oculis
404 1290 604 1355 substituisse
621 1290 705 1354 tuis?

68 1377 161 1462 plura
178 1376 381 1459 loquebatur:
400 1376 560 1461 placidum
578 1376 706 1461 puerilis
724 1375 830 1461 imago

113 1462 254 1527 destituit
271 1484 417 1526 somnum
433 1497 477 1509 -
494 1462 521 1525 si
539 1462 632 1525 modo
651 1483 780 1526 somnus
799 1473 874 1527 erat.

70 1548 147 1632 quid
165 1547 298 1612 faciam?
317 1548 422 1612 media
437 1548 544 1611 navim
562 1546 733 1612 Palinurus
752 1547 785 1612 in
802 1550 890 1612 unda

113 1634 243 1710 deserit,
261 1633 386 1718 ignotas
405 1654 501 1718 cogor
518 1633 597 1698 inire
615 1632 693 1698 vias.

70 1719 212 1803 quisquis
232 1741 334 1794 amas,
351 1719 422 1782 loca
439 1719 506 1782 sola
523 1728 647 1783 nocent.
692 1719 763 1784 loca
780 1720 847 1784 sola
865 1719 990 1784 cavetol

113 1827 176 1888 quo
194 1804 299 1889 fugis?
316 1803 349 1867 in
366 1804 485 1889 populo
502 1804 600 1869 tutior
617 1827 686 1871 esse
703 1817 804 1890 potes.

69 1913 134 1956 non
152 1890 209 1954 tibi
227 1891 355 1954 secretis
373 1925 416 1934 —
434 1913 474 1954 au
499 1902 554 1955 ent
570 1903 691 1956 secreta
708 1892 831 1955 furores
847 1927 892 1937 —

114 1987 162 2041 est
179 1998 274 2062 opus:
293 1974 410 2040 auxilio
428 1912 522 2047 turba
540 1976 648 2042 futura
665 1976 724 2040 tibi
740 1989 798 2041 est.

71 2062 168 2127 tristis
187 2062 264 2138 eris,
282 2061 310 2126 si
327 2062 412 2126 solus
431 2062 505 2138 cris,
524 2062 733 2146 dominaeque
751 2063 878 2126 relictae

113 2159 186 2213 ante
204 2149 312 2212 oculos
329 2147 428 2212 facies
446 2148 555 2225 stabit,
573 2159 609 2212 ut
625 2149 710 2233 ipsa,
728 2160 809 2213 tuos.

73 2233 190 2298 tristior
206 2233 323 2298 idcireo
341 2245 485 2310 nonest,
503 2254 599 2317 quam
617 2246 759 2318 tempora
775 2234 916 2299 Phoebi:

114 2340 197 2402 quae
215 2320 333 2383 relevet
349 2319 470 2396 luctus,
489 2318 582 2383 turba
599 2319 715 2383 sodalis
733 2320 832 2384 abest.

72 2427 131 2471 nec
148 2405 226 2490 fuge
244 2405 456 2488 conloquium,
474 2426 534 2468 nec
552 2405 592 2468 sit
608 2405 667 2469 tibi
683 2404 779 2469 ianua
796 2406 913 2482 clausa,

115 2513 175 2555 neo
192 2489 331 2556 tenebris
348 2490 456 2554 vultus
473 2489 586 2554 flebilis
605 2491 686 2554 abde
704 2502 786 2554 tuos.

73 2599 198 2661 semper
214 2576 297 2640 habe
314 2574 460 2660 Pyladen
477 2575 629 2658 aliquem,
648 2575 703 2659 qui
720 2586 809 2640 curet
827 2573 989 2642 Orestem:

115 2662 166 2726 hic
184 2683 311 2745 quoque
329 2660 485 2726 amicitiae
502 2683 566 2725 non
583 2661 662 2726 levis
679 2684 757 2725 usus
775 2661 843 2726 erit.

72 2748 149 2832 quid
166 2747 228 2811 nisi
246 2757 385 2812 secretae
401 2746 561 2812 laeserunt
577 2746 728 2831 Phyllida
746 2746 862 2812 silvae?

115 2845 200 2898 certa
217 2833 303 2898 necis
322 2844 497 2901 causaest:
515 2832 698 2897 incomitata
715 2832 784 2896 fuit.

72 2918 154 2995 ibat,
172 2929 207 2983 ut
224 2918 339 2983 Edono
356 2920 497 2983 referens
515 2918 671 2982 trieterica
688 2918 818 2982 Baccho

115 3005 161 3070 ire
178 3005 259 3069 solet
275 3003 355 3069 fusis
372 3004 509 3069 barbara
526 3005 620 3068 turba
638 3004 745 3080 comis,

73 3102 105 3155 et
122 3090 227 3164 modo,
246 3111 310 3173 qua
326 3101 464 3174 poterat,
482 3091 614 3175 longum
632 3090 796 3174 spectabat
813 3089 846 3153 in
865 3112 993 3174 aequor,
1084 3126 1087 3130 ⁴

115 3198 200 3240 nunc
219 3176 252 3239 in
270 3176 426 3241 harenosa
442 3175 527 3240 lassa
544 3176 668 3240 iacebat
685 3176 793 3240 humo.

73 3262 207 3349 ‘perfide
226 3260 468 3346 Demophoonl'
496 3261 608 3325 surdas
626 3261 785 3326 clamabat
802 3261 843 3326 ad
861 3261 973 3338 undas,

115 3359 271 3433 ruptaque
290 3347 430 3447 singultu
448 3348 546 3412 verba
562 3347 721 3431 loquentis
739 3360 838 3413 erant.

72 3435 164 3499 limes
182 3445 250 3499 erat
268 3444 372 3498 tenuis
388 3433 485 3518 longo
503 3432 692 3498 subnubilus
710 3434 833 3510 umbra,

116 3542 180 3604 qua
198 3519 270 3584 tulit
286 3519 341 3582 illa
358 3541 432 3582 suos
451 3518 491 3582 ad
508 3541 595 3582 mare
613 3541 708 3604 saepe
726 3519 833 3604 pedes.

74 3628 158 3670 nona
175 3605 336 3670 terebatur
352 3603 485 3668 miserae
503 3603 564 3667 via.
609 3604 766 3670 ‘videritl'
784 3604 887 3687 inquit

118 3705 149 3755 et
167 3702 289 3775 spectat
306 3711 418 3753 zonam
436 3689 555 3774 pallida
572 3689 657 3754 facta
675 3713 775 3766 suam,

75 3776 185 3861 aspicit
203 3787 235 3839 et
251 3797 365 3840 ramos.
410 3775 534 3839 dubitat
551 3775 745 3860 refugitque,
764 3774 851 3857 quod
868 3773 972 3850 audet,

121 3875 150 3926 et
169 3861 258 3925 timet
276 3872 308 3925 et
326 3861 441 3946 digitos
459 3860 500 3924 ad
519 3884 576 3925 sua
595 3862 675 3924 oolla
693 3860 797 3924 refert.

79 3946 219 4022 Stheni,
237 3959 313 4011 tunc
331 3959 414 4011 certe
433 3946 545 4012 vellem
563 3967 627 4010 non
646 3946 713 4009 sola
730 3945 859 4010 fuisses:

120 4054 184 4096 non
201 4032 307 4097 flesset
324 4032 434 4119 positis
451 4031 602 4116 Phyllida
619 4031 699 4096 silva
716 4031 824 4096 comis.

77 4117 397 4268 Phddbididdxemplo
415 4116 550 4184 nimium
566 4128 695 4185 secreta
707 4117 841 4196 t'imsts,
935 4204 985 4258 Ἃ

162 4219 206 4262 'fl
255 4248 262 4264 ·
1078 4262 1087 4275 .
