2604 4974
217 792 282 863 ιιι
553 804 587 864 Ρ.
605 806 716 865 ovuu
733 804 895 865 ussurus

259 930 360 997 acrior
376 940 425 996 est
440 940 549 996 nostra
564 933 700 1016 plusque
717 930 832 995 furoris
850 928 954 995 habet

216 1040 293 1119 ergo
311 1040 385 1117 age,
403 1039 443 1082 ne
461 1015 572 1081 dubita
589 1027 718 1081 cunctas
737 1039 861 1101 sperare
880 1017 1014 1100 puellas.

259 1103 313 1167 vix
330 1102 389 1166 erit
406 1124 424 1166 e
441 1102 547 1165 multis
565 1124 647 1186 quae
664 1114 760 1188 neget
776 1125 841 1165 una
858 1101 925 1165 tibi.

151 1208 199 1258 345
217 1211 320 1289 quae
317 1188 394 1251 dant
411 1207 556 1270 quaeque
574 1200 706 1273 negant,
728 1187 897 1273 gaudentt
896 1210 989 1252 amen
1009 1209 1077 1252 esse
1094 1197 1234 1272 rogatae.

258 1274 373 1338 utiam
391 1273 558 1349 fallaris,t
546 1284 613 1337 tuta
630 1274 758 1357 repulsa
774 1284 829 1337 tua
847 1284 904 1338 est.

217 1361 273 1426 sed
291 1381 347 1424 cur
363 1357 501 1458 fallaris3
516 1380 589 1422 cum
607 1359 648 1422 sit
664 1381 747 1422 nova
763 1369 855 1444 grata
871 1359 1027 1443 voluptas,

259 1456 290 1511 ιι
308 1444 433 1529 capiant
451 1444 571 1507 animos
589 1445 660 1544 plus
678 1445 781 1509 aliena
799 1444 881 1508 suis?

216 1530 348 1631 fertilior
365 1551 457 1614 seges
475 1539 523 1594 est
511 1529 648 1594 talienis
667 1552 791 1616 semper
808 1530 840 1594 in
858 1530 953 1614 agris,

149 1635 199 1685 διο
258 1616 460 1697 vicinumque
476 1636 574 1699 pecus
592 1616 743 1700 grandius
761 1616 840 1681 uber
856 1614 1023 1680 habet.—

217 1703 273 1768 sed
290 1701 378 1802 prius
396 1700 541 1788 ancillam
559 1702 734 1803 captandae
751 1723 844 1766 nosse
861 1701 984 1785 puellae

260 1809 335 1852 cura
352 1787 407 1850 sit:
426 1785 571 1850 accessus
588 1787 708 1851 molliet
724 1787 779 1851 illa
795 1798 876 1851 tuos.

216 1872 360 1958 proxima
378 1871 515 1935 consiliis
533 1871 720 1937 dominae
696 1883 736 1937 ιιι
723 1883 787 1937 tut
804 1873 872 1946 illa,
889 1871 1004 1947 videto,

258 1979 339 2022 neve
356 1979 472 2057 parum
486 1957 588 2022 tacitis
607 1958 732 2022 conscia
748 1957 838 2022 fida
829 1957 915 2022 roais

149 2061 198 2110 355
216 2044 299 2108 hanc
316 2054 351 2106 tu
370 2041 529 2126 pollicitis,
548 2043 630 2107 hanc
646 2055 682 2107 tu
700 2064 864 2127 corrumpe
881 2043 1037 2128 rogando.

259 2128 344 2212 quod
361 2127 457 2212 petis,
477 2151 517 2193 ex
533 2127 632 2205 facili,
651 2151 678 2192 ει
668 2128 781 2193 volet
796 2128 864 2204 illa,
882 2127 974 2192 feres.

216 2213 270 2278 illa
286 2214 371 2298 leget
358 2224 584 2298 ttempus,—
539 2215 714 2279 —medici
731 2235 857 2297 quoque
874 2224 1015 2298 tempora
1032 2224 1159 2278 servant
1175 2246 1219 2260 -·

260 2321 322 2382 quo
317 2267 441 2362 facilis
460 2299 604 2363 dominae
622 2322 710 2364 mens
729 2300 768 2364 sit
785 2312 817 2363 et
834 2309 909 2383 apta
927 2299 1006 2383 capi.

216 2407 306 2449 mens
325 2383 384 2448 erit
401 2395 474 2484 apta
492 2385 662 2469 capitum,
681 2408 753 2450 cum
770 2385 843 2449 laet
821 2384 941 2448 tissima
958 2406 1064 2449 rerum
1173 2406 1176 2411 ·

149 2486 200 2536 360
259 2481 296 2534 ιιι
312 2492 404 2554 seges
421 2469 454 2532 in
472 2471 583 2554 pingul
573 2470 771 2535 luxuriabit
787 2469 893 2534 humo.

217 2567 345 2655 pectora
362 2555 438 2618 dum
455 2556 596 2640 gaudent
612 2578 672 2621 nec
690 2566 763 2620 sunt
750 2554 928 2620 tadstricta
946 2553 1062 2630 dolore,

258 2640 327 2726 ipsa
345 2650 401 2724 pat
401 2653 464 2704 ent.
442 2641 624 2706 tblanda
640 2653 708 2705 tum
726 2641 812 2706 subit
828 2650 894 2705 arte
911 2639 1031 2705 Venus

216 2736 284 2790 tum
302 2748 375 2790 cum
392 2725 488 2790 tristis
506 2738 586 2802 erat,
604 2727 736 2792 defensa
753 2738 800 2791 est
787 2726 893 2791 tIlios
911 2724 1020 2788 armis.

258 2810 410 2874 militibus
426 2812 593 2896 gravidum
612 2813 694 2876 laeta
711 2812 829 2897 recepit
847 2832 972 2894 equum

149 2912 198 2961 soa
216 2909 284 2963 tum
301 2917 427 2996 quoque
445 2897 627 2982 temptanda
644 2909 706 2975 est,
724 2921 797 2963 cum
814 2897 933 2982 paelice
949 2896 1037 2962 laesa
1054 2897 1187 2962 dolebit:

258 2994 326 3047 tum
343 2980 440 3046 facies
459 3003 568 3068 opera,
586 3005 626 3048 ne
644 2983 684 3047 sit
700 2983 814 3061 inulta,
831 2994 896 3047 tua.

216 3080 292 3133 tunc
309 3067 479 3168 matutinos
496 3080 625 3153 pectens
643 3069 757 3134 ancilla
774 3068 904 3154 capillos

258 3152 353 3219 incito
335 3163 415 3218 etet
354 3153 501 3217 tvelo
518 3154 647 3254 remigis
665 3155 759 3219 addat
778 3177 871 3239 opem

217 3251 248 3304 et
217 3261 373 3304 esecum
390 3238 479 3302 tenui
495 3240 667 3340 suspirans
674 3262 833 3304 murmure
852 3239 935 3341 dicat

149 3341 199 3389 370
260 3334 305 3400 at,
325 3335 416 3409 puto,
433 3345 498 3388 non
514 3335 640 3409 poteras
657 3325 726 3410 ipsa
742 3324 906 3391 referre
876 3324 998 3390 vrcem?

216 3421 284 3473 tum
302 3410 341 3474 de
358 3420 390 3473 ιι
407 3419 527 3487 narret,
545 3420 614 3474 tum
630 3411 850 3494 persuadentia
869 3410 965 3476 verba

258 3495 403 3559 addatet
390 3494 530 3558 tinsano
546 3495 629 3560 iuret
646 3517 752 3560 amore
769 3497 858 3560 mori.

216 3579 271 3644 sed
288 3601 436 3664 propera,
451 3603 492 3645 ne
511 3580 582 3645 vela
599 3581 713 3645 cadant
721 3603 888 3680 auraeque
904 3582 1057 3646 residant·

257 3664 429 3765 utfragilis
447 3665 643 3750 glacies,iut
630 3665 703 3730 terit
719 3666 766 3730 ira
782 3689 880 3731 mora.

149 3766 196 3815 375
215 3750 354 3834 quaeris,
372 3773 413 3813 an
429 3749 537 3814 hanc
528 3773 630 3836 1psam
646 3751 746 3836 prosit
733 3751 879 3816 tviolare
897 3751 1092 3816 ministram?

256 3835 372 3899 talibus
389 3835 534 3899 admissis
552 3837 621 3900 alea
637 3835 792 3921 grandis
783 3848 873 3901 rnest.

214 3920 293 3985 haec
312 3944 331 3984 a
348 3920 571 3985 concubitufit
587 3921 710 3997 sedula,
730 3922 847 3985 tardior
864 3921 932 3998 illa;

256 4005 334 4071 haec
352 4005 497 4070 dominae
514 4028 629 4070 munus
647 4016 677 4070 te
718 4017 799 4082 arat,
816 4007 871 4070 illa
888 4007 958 4070 sibi.

214 4111 305 4154 casus
322 4090 355 4154 in
373 4103 487 4156 eventu
505 4102 562 4156 est.
540 4091 679 4156 tlicet
695 4029 799 4156 lio
762 4092 926 4177 indulgeat
943 4093 1042 4157 ausis:

147 4191 197 4241 380
256 4176 420 4240 consilium
438 4188 543 4242 tamen
561 4187 609 4241 est
596 4177 815 4242 tabstinuisse
831 4200 947 4242 meum.

213 4279 278 4322 non
294 4282 355 4345 ego
372 4284 429 4348 per
445 4284 597 4362 praeceps
615 4273 646 4326 et
663 4273 756 4326 acuta
773 4263 938 4328 cacumina
954 4264 1080 4342 vadam,

254 4366 313 4408 nec
329 4346 479 4412 iuvenum
497 4347 664 4430 quisquam
681 4370 733 4411 me
751 4348 831 4412 duce
849 4359 958 4433 captus
976 4349 1044 4414 erit.

213 4426 240 4489 si
256 4436 361 4498 tamen
378 4432 433 4497 illa
449 4432 521 4510 tibi,
540 4433 615 4496 dum
633 4432 688 4497 dat
704 4432 908 4532 recipitquet
896 4433 1037 4510 tabellas,

253 4532 400 4598 corpore,
415 4539 480 4582 non
497 4529 564 4583 tant
551 4530 618 4583 tum
636 4517 801 4584 sedulitate
817 4519 931 4604 placet,

143 4610 193 4663 aso
209 4592 262 4660 fac
279 4596 409 4668 domina
424 4602 546 4690 potiare
562 4604 665 4689 prius3
683 4624 788 4669 comer
805 4603 859 4668 illa
875 4615 1039 4688 sequaturt
