<?xml version="1.0" encoding="UTF-8"?>
<!DOCTYPE html PUBLIC "-//W3C//DTD XHTML 1.0 Transitional//EN"
    "http://www.w3.org/TR/xhtml1/DTD/xhtml1-transitional.dtd">
<html xmlns="http://www.w3.org/1999/xhtml" xml:lang="en" lang="en">
 <head>
  <title>
</title>
<meta http-equiv="Content-Type" content="text/html;charset=utf-8" />
  <meta name='ocr-system' content='tesseract 3.04.00' />
  <meta name='ocr-capabilities' content='ocr_page ocr_carea ocr_par ocr_line ocrx_word'/>
</head>
<body>
  <div class='ocr_page' id='page_1' title='image "./carmina04ovidgoog_0070.png"; bbox 0 0 2604 4974; ppageno 0'>
   <div class='ocr_carea' id='block_1_1' title="bbox 403 277 840 338">
    <p class='ocr_par' dir='ltr' id='par_1_1' title="bbox 403 277 840 338">
     <span class='ocr_line' id='line_1_1' title="bbox 403 277 840 338; baseline 0 -3"><span class='ocrx_word' id='word_1_1' title='bbox 403 277 610 338; x_wconf 79' lang='lat' dir='ltr'><strong>HEROIDUM</strong></span> <span class='ocrx_word' id='word_1_2' title='bbox 625 277 692 336; x_wconf 90' lang='lat' dir='ltr'><strong>XII.</strong></span> <span class='ocrx_word' id='word_1_3' title='bbox 712 279 840 338; x_wconf 77' lang='lat'>68-155.</span> 
     </span>
    </p>
   </div>
   <div class='ocr_carea' id='block_1_2' title="bbox 103 400 1248 4180">
    <p class='ocr_par' dir='ltr' id='par_1_2' title="bbox 103 400 1248 4180">
     <span class='ocr_line' id='line_1_2' title="bbox 148 400 827 489; baseline -0.004 -18"><span class='ocrx_word' id='word_1_4' title='bbox 148 414 185 471; x_wconf 93' lang='lat' dir='ltr'>ut</span> <span class='ocrx_word' id='word_1_5' title='bbox 203 404 286 470; x_wconf 88' lang='lat' dir='ltr'>solet</span> <span class='ocrx_word' id='word_1_6' title='bbox 303 400 417 468; x_wconf 86' lang='lat' dir='ltr'>adfuso</span> <span class='ocrx_word' id='word_1_7' title='bbox 436 425 567 489; x_wconf 84' lang='lat' dir='ltr'>surgere</span> <span class='ocrx_word' id='word_1_8' title='bbox 584 404 712 468; x_wconf 88' lang='lat' dir='ltr'>flamma</span> <span class='ocrx_word' id='word_1_9' title='bbox 729 424 827 469; x_wconf 89' lang='lat' dir='ltr'>mero.</span> 
     </span>
     <span class='ocr_line' id='line_1_3' title="bbox 104 489 1008 576; baseline 0 -21"><span class='ocrx_word' id='word_1_10' title='bbox 104 491 236 576; x_wconf 91' lang='lat' dir='ltr'>quando</span> <span class='ocrx_word' id='word_1_11' title='bbox 254 510 331 576; x_wconf 84' lang='lat' dir='ltr'>ego,</span> <span class='ocrx_word' id='word_1_12' title='bbox 349 499 381 555; x_wconf 89' lang='lat' dir='ltr'>te</span> <span class='ocrx_word' id='word_1_13' title='bbox 399 489 550 554; x_wconf 85' lang='lat' dir='ltr'>reducem</span> <span class='ocrx_word' id='word_1_14' title='bbox 567 490 691 576; x_wconf 95' lang='lat' dir='ltr'>cupidis</span> <span class='ocrx_word' id='word_1_15' title='bbox 709 490 856 575; x_wconf 82' lang='lat' dir='ltr'>amplexa</span> <span class='ocrx_word' id='word_1_16' title='bbox 873 491 1008 566; x_wconf 87' lang='lat' dir='ltr'>lacertis,</span> 
     </span>
     <span class='ocr_line' id='line_1_4' title="bbox 146 574 816 662; baseline 0 -22"><span class='ocrx_word' id='word_1_17' title='bbox 146 576 303 662; x_wconf 87' lang='lat' dir='ltr'>languida</span> <span class='ocrx_word' id='word_1_18' title='bbox 319 574 440 640; x_wconf 90' lang='lat' dir='ltr'>laetitia</span> <span class='ocrx_word' id='word_1_19' title='bbox 457 576 563 640; x_wconf 88' lang='lat' dir='ltr'>solvar</span> <span class='ocrx_word' id='word_1_20' title='bbox 580 575 621 639; x_wconf 90' lang='lat' dir='ltr'>ab</span> <span class='ocrx_word' id='word_1_21' title='bbox 638 576 708 660; x_wconf 90' lang='lat' dir='ltr'>ipsa</span> <span class='ocrx_word' id='word_1_22' title='bbox 725 576 816 640; x_wconf 78' lang='lat' dir='ltr'>mea?</span> 
     </span>
     <span class='ocr_line' id='line_1_5' title="bbox 105 660 1004 747; baseline 0.001 -21"><span class='ocrx_word' id='word_1_23' title='bbox 105 663 237 747; x_wconf 89' lang='lat' dir='ltr'>quando</span> <span class='ocrx_word' id='word_1_24' title='bbox 255 660 329 737; x_wconf 91' lang='lat' dir='ltr'>erit,</span> <span class='ocrx_word' id='word_1_25' title='bbox 347 670 384 725; x_wconf 94' lang='lat' dir='ltr'>ut</span> <span class='ocrx_word' id='word_1_26' title='bbox 399 661 483 725; x_wconf 88' lang='lat' dir='ltr'>lecto</span> <span class='ocrx_word' id='word_1_27' title='bbox 500 682 627 726; x_wconf 90' lang='lat' dir='ltr'>mecum</span> <span class='ocrx_word' id='word_1_28' title='bbox 645 660 725 726; x_wconf 92' lang='lat' dir='ltr'>bene</span> <span class='ocrx_word' id='word_1_29' title='bbox 742 661 869 727; x_wconf 87' lang='lat' dir='ltr'>iunctus</span> <span class='ocrx_word' id='word_1_30' title='bbox 886 663 920 726; x_wconf 93' lang='lat' dir='ltr'>in</span> <span class='ocrx_word' id='word_1_31' title='bbox 940 685 1004 727; x_wconf 91' lang='lat' dir='ltr'>uno</span> 
     </span>
     <span class='ocr_line' id='line_1_6' title="bbox 148 745 815 832; baseline 0 -21"><span class='ocrx_word' id='word_1_32' title='bbox 148 747 281 811; x_wconf 89' lang='lat' dir='ltr'>militiae</span> <span class='ocrx_word' id='word_1_33' title='bbox 298 745 418 811; x_wconf 87' lang='lat' dir='ltr'>referas</span> <span class='ocrx_word' id='word_1_34' title='bbox 436 746 602 832; x_wconf 90' lang='lat' dir='ltr'>splendida</span> <span class='ocrx_word' id='word_1_35' title='bbox 620 746 707 811; x_wconf 85' lang='lat' dir='ltr'>facta</span> <span class='ocrx_word' id='word_1_36' title='bbox 723 747 815 811; x_wconf 83' lang='lat' dir='ltr'>tuae?</span> 
     </span>
     <span class='ocr_line' id='line_1_7' title="bbox 107 831 975 917; baseline -0.001 -20"><span class='ocrx_word' id='word_1_37' title='bbox 107 832 288 917; x_wconf 90' lang='lat' dir='ltr'>quaemihi</span> <span class='ocrx_word' id='word_1_38' title='bbox 305 832 382 896; x_wconf 91' lang='lat' dir='ltr'>dum</span> <span class='ocrx_word' id='word_1_39' title='bbox 400 831 532 907; x_wconf 84' lang='lat' dir='ltr'>reseres,</span> <span class='ocrx_word' id='word_1_40' title='bbox 551 833 697 914; x_wconf 87' lang='lat' dir='ltr'>quamvis</span> <span class='ocrx_word' id='word_1_41' title='bbox 715 832 826 897; x_wconf 89' lang='lat' dir='ltr'>audire</span> <span class='ocrx_word' id='word_1_42' title='bbox 843 832 975 909; x_wconf 89' lang='lat' dir='ltr'>iuvabit,</span> 
     </span>
     <span class='ocr_line' id='line_1_8' title="bbox 148 916 873 1002; baseline -0.001 -19"><span class='ocrx_word' id='word_1_43' title='bbox 148 919 251 983; x_wconf 91' lang='lat' dir='ltr'>multa</span> <span class='ocrx_word' id='word_1_44' title='bbox 268 929 378 998; x_wconf 77' lang='lat' dir='ltr'>tamen¹</span> <span class='ocrx_word' id='word_1_45' title='bbox 392 916 497 1002; x_wconf 90' lang='lat' dir='ltr'>rapies</span> <span class='ocrx_word' id='word_1_46' title='bbox 515 917 638 994; x_wconf 88' lang='lat' dir='ltr'>oscula,</span> <span class='ocrx_word' id='word_1_47' title='bbox 656 918 756 981; x_wconf 88' lang='lat' dir='ltr'>multa</span> <span class='ocrx_word' id='word_1_48' title='bbox 773 918 873 983; x_wconf 84' lang='lat' dir='ltr'>dabis.</span> 
     </span>
     <span class='ocr_line' id='line_1_9' title="bbox 107 1003 918 1088; baseline 0 -20"><span class='ocrx_word' id='word_1_49' title='bbox 107 1026 235 1088; x_wconf 81' lang='lat' dir='ltr'>semper</span> <span class='ocrx_word' id='word_1_50' title='bbox 250 1003 285 1068; x_wconf 92' lang='lat' dir='ltr'>in</span> <span class='ocrx_word' id='word_1_51' title='bbox 302 1003 351 1066; x_wconf 95' lang='lat' dir='ltr'>his</span> <span class='ocrx_word' id='word_1_52' title='bbox 369 1013 443 1087; x_wconf 86' lang='lat' dir='ltr'>apte</span> <span class='ocrx_word' id='word_1_53' title='bbox 460 1003 621 1066; x_wconf 81' lang='lat' dir='ltr'>narrantia</span> <span class='ocrx_word' id='word_1_54' title='bbox 638 1003 737 1067; x_wconf 87' lang='lat' dir='ltr'>verba</span> <span class='ocrx_word' id='word_1_55' title='bbox 754 1004 918 1069; x_wconf 88' lang='lat' dir='ltr'>resistunt:</span> 
     </span>
     <span class='ocr_line' id='line_1_10' title="bbox 149 1086 1198 1174; baseline -0.001 -20"><span class='ocrx_word' id='word_1_56' title='bbox 149 1088 327 1174; x_wconf 87' lang='lat' dir='ltr'>promptior</span> <span class='ocrx_word' id='word_1_57' title='bbox 344 1100 392 1153; x_wconf 90' lang='lat' dir='ltr'>est</span> <span class='ocrx_word' id='word_1_58' title='bbox 410 1086 496 1152; x_wconf 88' lang='lat' dir='ltr'>dulci</span> <span class='ocrx_word' id='word_1_59' title='bbox 512 1087 623 1173; x_wconf 85' lang='lat' dir='ltr'>lingua</span> <span class='ocrx_word' id='word_1_60' title='bbox 640 1087 758 1154; x_wconf 88' lang='lat' dir='ltr'>referre</span> <span class='ocrx_word' id='word_1_61' title='bbox 775 1110 874 1154; x_wconf 90' lang='lat' dir='ltr'>mora.</span> <span class='ocrx_word' id='word_1_62' title='bbox 1150 1112 1198 1161; x_wconf 80' lang='lat'>120</span> 
     </span>
     <span class='ocr_line' id='line_1_11' title="bbox 107 1172 1022 1262; baseline 0.004 -23"><span class='ocrx_word' id='word_1_63' title='bbox 107 1176 164 1241; x_wconf 86' lang='lat' dir='ltr'>sed</span> <span class='ocrx_word' id='word_1_64' title='bbox 183 1197 257 1240; x_wconf 91' lang='lat' dir='ltr'>cum</span> <span class='ocrx_word' id='word_1_65' title='bbox 274 1172 372 1238; x_wconf 87' lang='lat' dir='ltr'>Troia</span> <span class='ocrx_word' id='word_1_66' title='bbox 389 1173 490 1250; x_wconf 84' lang='lat' dir='ltr'>subit,</span> <span class='ocrx_word' id='word_1_67' title='bbox 509 1174 648 1238; x_wconf 90' lang='lat' dir='ltr'>subeunt</span> <span class='ocrx_word' id='word_1_68' title='bbox 664 1174 814 1257; x_wconf 87' lang='lat' dir='ltr'>ventique</span> <span class='ocrx_word' id='word_1_69' title='bbox 831 1175 1022 1262; x_wconf 84' lang='lat' dir='ltr'>fretumque,</span> 
     </span>
     <span class='ocr_line' id='line_1_12' title="bbox 149 1257 843 1346; baseline -0.001 -20"><span class='ocrx_word' id='word_1_70' title='bbox 149 1283 224 1346; x_wconf 88' lang='lat' dir='ltr'>spes</span> <span class='ocrx_word' id='word_1_71' title='bbox 242 1259 327 1324; x_wconf 91' lang='lat' dir='ltr'>bona</span> <span class='ocrx_word' id='word_1_72' title='bbox 345 1257 498 1324; x_wconf 80' lang='lat' dir='ltr'>sollicitae</span> <span class='ocrx_word' id='word_1_73' title='bbox 515 1258 601 1324; x_wconf 88' lang='lat' dir='ltr'>victa</span> <span class='ocrx_word' id='word_1_74' title='bbox 618 1258 730 1324; x_wconf 90' lang='lat' dir='ltr'>timore</span> <span class='ocrx_word' id='word_1_75' title='bbox 749 1261 843 1325; x_wconf 79' lang='lat' dir='ltr'>cadit.</span> 
     </span>
     <span class='ocr_line' id='line_1_13' title="bbox 108 1343 981 1430; baseline 0.006 -21"><span class='ocrx_word' id='word_1_76' title='bbox 108 1345 169 1411; x_wconf 92' lang='lat' dir='ltr'>boc</span> <span class='ocrx_word' id='word_1_77' title='bbox 187 1367 329 1430; x_wconf 89' lang='lat' dir='ltr'>quoque,</span> <span class='ocrx_word' id='word_1_78' title='bbox 348 1343 435 1428; x_wconf 90' lang='lat' dir='ltr'>quod</span> <span class='ocrx_word' id='word_1_79' title='bbox 454 1344 540 1409; x_wconf 88' lang='lat' dir='ltr'>venti</span> <span class='ocrx_word' id='word_1_80' title='bbox 557 1344 727 1429; x_wconf 89' lang='lat' dir='ltr'>prohibent</span> <span class='ocrx_word' id='word_1_81' title='bbox 744 1346 830 1411; x_wconf 88' lang='lat' dir='ltr'>exire</span> <span class='ocrx_word' id='word_1_82' title='bbox 848 1348 981 1427; x_wconf 87' lang='lat' dir='ltr'>carinas,</span> 
     </span>
     <span class='ocr_line' id='line_1_14' title="bbox 149 1430 783 1516; baseline 0.002 -22"><span class='ocrx_word' id='word_1_83' title='bbox 149 1453 202 1497; x_wconf 89' lang='lat' dir='ltr'>me</span> <span class='ocrx_word' id='word_1_84' title='bbox 220 1442 340 1496; x_wconf 89' lang='lat' dir='ltr'>movet:</span> <span class='ocrx_word' id='word_1_85' title='bbox 358 1430 466 1495; x_wconf 90' lang='lat' dir='ltr'>invitis</span> <span class='ocrx_word' id='word_1_86' title='bbox 483 1430 529 1494; x_wconf 91' lang='lat' dir='ltr'>ire</span> <span class='ocrx_word' id='word_1_87' title='bbox 547 1431 665 1516; x_wconf 92' lang='lat' dir='ltr'>paratis</span> <span class='ocrx_word' id='word_1_88' title='bbox 683 1431 783 1514; x_wconf 90' lang='lat' dir='ltr'>aquis.</span> 
     </span>
     <span class='ocr_line' id='line_1_15' title="bbox 107 1515 946 1601; baseline 0.002 -20"><span class='ocrx_word' id='word_1_89' title='bbox 107 1517 179 1600; x_wconf 92' lang='lat' dir='ltr'>quis</span> <span class='ocrx_word' id='word_1_90' title='bbox 197 1516 274 1582; x_wconf 89' lang='lat' dir='ltr'>velit</span> <span class='ocrx_word' id='word_1_91' title='bbox 290 1516 324 1580; x_wconf 92' lang='lat' dir='ltr'>in</span> <span class='ocrx_word' id='word_1_92' title='bbox 341 1515 477 1601; x_wconf 89' lang='lat' dir='ltr'>patriam</span> <span class='ocrx_word' id='word_1_93' title='bbox 494 1525 590 1591; x_wconf 78' lang='lat' dir='ltr'>rento</span> <span class='ocrx_word' id='word_1_94' title='bbox 607 1515 793 1600; x_wconf 86' lang='lat' dir='ltr'>prohibente</span> <span class='ocrx_word' id='word_1_95' title='bbox 811 1519 946 1585; x_wconf 79' lang='lat' dir='ltr'>reverti?</span> 
     </span>
     <span class='ocr_line' id='line_1_16' title="bbox 149 1601 771 1688; baseline 0 -22"><span class='ocrx_word' id='word_1_96' title='bbox 149 1625 169 1666; x_wconf 88' lang='lat' dir='ltr'>a</span> <span class='ocrx_word' id='word_1_97' title='bbox 186 1603 290 1688; x_wconf 88' lang='lat' dir='ltr'>patria</span> <span class='ocrx_word' id='word_1_98' title='bbox 306 1603 422 1688; x_wconf 86' lang='lat' dir='ltr'>pelago</span> <span class='ocrx_word' id='word_1_99' title='bbox 440 1601 512 1666; x_wconf 88' lang='lat' dir='ltr'>vela</span> <span class='ocrx_word' id='word_1_100' title='bbox 528 1611 656 1666; x_wconf 88' lang='lat' dir='ltr'>vetante</span> <span class='ocrx_word' id='word_1_101' title='bbox 674 1601 771 1666; x_wconf 84' lang='lat' dir='ltr'>datisl</span> 
     </span>
     <span class='ocr_line' id='line_1_17' title="bbox 107 1686 980 1773; baseline 0.005 -21"><span class='ocrx_word' id='word_1_102' title='bbox 107 1687 176 1773; x_wconf 88' lang='lat' dir='ltr'>ipse</span> <span class='ocrx_word' id='word_1_103' title='bbox 194 1711 286 1752; x_wconf 90' lang='lat' dir='ltr'>suam</span> <span class='ocrx_word' id='word_1_104' title='bbox 303 1708 368 1752; x_wconf 91' lang='lat' dir='ltr'>non</span> <span class='ocrx_word' id='word_1_105' title='bbox 385 1687 517 1773; x_wconf 88' lang='lat' dir='ltr'>praebet</span> <span class='ocrx_word' id='word_1_106' title='bbox 532 1686 592 1750; x_wconf 92' lang='lat' dir='ltr'>iter</span> <span class='ocrx_word' id='word_1_107' title='bbox 609 1687 780 1773; x_wconf 90' lang='lat' dir='ltr'>Neptunus</span> <span class='ocrx_word' id='word_1_108' title='bbox 798 1688 839 1752; x_wconf 93' lang='lat' dir='ltr'>ad</span> <span class='ocrx_word' id='word_1_109' title='bbox 857 1690 980 1756; x_wconf 86' lang='lat' dir='ltr'>urbem.</span> 
     </span>
     <span class='ocr_line' id='line_1_18' title="bbox 149 1772 902 1857; baseline 0.005 -20"><span class='ocrx_word' id='word_1_110' title='bbox 149 1794 215 1857; x_wconf 92' lang='lat' dir='ltr'>quo</span> <span class='ocrx_word' id='word_1_111' title='bbox 232 1773 342 1839; x_wconf 78' lang='lat' dir='ltr'>ruitis?</span> <span class='ocrx_word' id='word_1_112' title='bbox 368 1782 489 1837; x_wconf 84' lang='lat' dir='ltr'>vestras</span> <span class='ocrx_word' id='word_1_113' title='bbox 507 1772 641 1856; x_wconf 90' lang='lat' dir='ltr'>quisque</span> <span class='ocrx_word' id='word_1_114' title='bbox 659 1773 759 1839; x_wconf 88' lang='lat' dir='ltr'>redite</span> <span class='ocrx_word' id='word_1_115' title='bbox 777 1774 902 1841; x_wconf 90' lang='lat' dir='ltr'>domosl</span> 
     </span>
     <span class='ocr_line' id='line_1_19' title="bbox 107 1856 875 1942; baseline 0.003 -19"><span class='ocrx_word' id='word_1_116' title='bbox 107 1879 171 1942; x_wconf 90' lang='lat' dir='ltr'>quo</span> <span class='ocrx_word' id='word_1_117' title='bbox 189 1858 296 1936; x_wconf 86' lang='lat' dir='ltr'>ruitis,¹</span> <span class='ocrx_word' id='word_1_118' title='bbox 314 1856 442 1922; x_wconf 84' lang='lat' dir='ltr'>Danai?</span> <span class='ocrx_word' id='word_1_119' title='bbox 468 1868 580 1923; x_wconf 88' lang='lat' dir='ltr'>ventos</span> <span class='ocrx_word' id='word_1_120' title='bbox 599 1859 707 1923; x_wconf 89' lang='lat' dir='ltr'>audite</span> <span class='ocrx_word' id='word_1_121' title='bbox 724 1861 875 1926; x_wconf 86' lang='lat' dir='ltr'>vetantisl</span> 
     </span>
     <span class='ocr_line' id='line_1_20' title="bbox 148 1943 869 2021; baseline 0.003 -12"><span class='ocrx_word' id='word_1_122' title='bbox 148 1967 214 2009; x_wconf 91' lang='lat' dir='ltr'>non</span> <span class='ocrx_word' id='word_1_123' title='bbox 232 1943 329 2009; x_wconf 90' lang='lat' dir='ltr'>subiti</span> <span class='ocrx_word' id='word_1_124' title='bbox 347 1965 454 2021; x_wconf 89' lang='lat' dir='ltr'>casus,</span> <span class='ocrx_word' id='word_1_125' title='bbox 471 1944 610 2008; x_wconf 90' lang='lat' dir='ltr'>numinis</span> <span class='ocrx_word' id='word_1_126' title='bbox 627 1944 688 2009; x_wconf 91' lang='lat' dir='ltr'>ista</span> <span class='ocrx_word' id='word_1_127' title='bbox 705 1967 795 2010; x_wconf 88' lang='lat' dir='ltr'>mora</span> <span class='ocrx_word' id='word_1_128' title='bbox 812 1957 869 2011; x_wconf 88' lang='lat' dir='ltr'>est.</span> 
     </span>
     <span class='ocr_line' id='line_1_21' title="bbox 105 2029 904 2116; baseline 0.005 -22"><span class='ocrx_word' id='word_1_129' title='bbox 105 2030 185 2114; x_wconf 92' lang='lat' dir='ltr'>quid</span> <span class='ocrx_word' id='word_1_130' title='bbox 201 2029 319 2116; x_wconf 89' lang='lat' dir='ltr'>petitur</span> <span class='ocrx_word' id='word_1_131' title='bbox 336 2040 423 2094; x_wconf 86' lang='lat' dir='ltr'>tanto</span> <span class='ocrx_word' id='word_1_132' title='bbox 441 2029 502 2093; x_wconf 91' lang='lat' dir='ltr'>nisi</span> <span class='ocrx_word' id='word_1_133' title='bbox 520 2030 621 2116; x_wconf 88' lang='lat' dir='ltr'>turpis</span> <span class='ocrx_word' id='word_1_134' title='bbox 639 2031 784 2095; x_wconf 91' lang='lat' dir='ltr'>adultera</span> <span class='ocrx_word' id='word_1_135' title='bbox 801 2032 904 2098; x_wconf 77' lang='lat' dir='ltr'>bello?</span> 
     </span>
     <span class='ocr_line' id='line_1_22' title="bbox 148 2114 837 2192; baseline 0.003 -12"><span class='ocrx_word' id='word_1_136' title='bbox 148 2117 227 2181; x_wconf 90' lang='lat' dir='ltr'>dum</span> <span class='ocrx_word' id='word_1_137' title='bbox 243 2115 332 2192; x_wconf 88' lang='lat' dir='ltr'>licet,</span> <span class='ocrx_word' id='word_1_138' title='bbox 350 2114 501 2181; x_wconf 88' lang='lat' dir='ltr'>Inachiae</span> <span class='ocrx_word' id='word_1_139' title='bbox 519 2115 632 2182; x_wconf 86' lang='lat' dir='ltr'>vertite</span> <span class='ocrx_word' id='word_1_140' title='bbox 650 2116 721 2182; x_wconf 88' lang='lat' dir='ltr'>vela</span> <span class='ocrx_word' id='word_1_141' title='bbox 738 2116 837 2182; x_wconf 88' lang='lat' dir='ltr'>ratesl</span> 
     </span>
     <span class='ocr_line' id='line_1_23' title="bbox 105 2200 1003 2288; baseline 0.001 -21"><span class='ocrx_word' id='word_1_142' title='bbox 105 2203 163 2268; x_wconf 89' lang='lat' dir='ltr'>sed</span> <span class='ocrx_word' id='word_1_143' title='bbox 181 2200 259 2286; x_wconf 89' lang='lat' dir='ltr'>quid</span> <span class='ocrx_word' id='word_1_144' title='bbox 276 2201 358 2288; x_wconf 81' lang='lat' dir='ltr'>ago?</span> <span class='ocrx_word' id='word_1_145' title='bbox 383 2201 519 2266; x_wconf 83' lang='lat' dir='ltr'>revoco?</span> <span class='ocrx_word' id='word_1_146' title='bbox 544 2203 753 2267; x_wconf 84' lang='lat' dir='ltr'>revocaminis</span> <span class='ocrx_word' id='word_1_147' title='bbox 771 2225 865 2268; x_wconf 89' lang='lat' dir='ltr'>omen</span> <span class='ocrx_word' id='word_1_148' title='bbox 883 2204 1003 2282; x_wconf 88' lang='lat' dir='ltr'>abesto,</span> 
     </span>
     <span class='ocr_line' id='line_1_24' title="bbox 146 2287 933 2373; baseline 0.003 -21"><span class='ocrx_word' id='word_1_149' title='bbox 146 2287 330 2372; x_wconf 88' lang='lat' dir='ltr'>blandaque</span> <span class='ocrx_word' id='word_1_150' title='bbox 349 2287 540 2373; x_wconf 88' lang='lat' dir='ltr'>compositas</span> <span class='ocrx_word' id='word_1_151' title='bbox 558 2310 636 2352; x_wconf 92' lang='lat' dir='ltr'>aura</span> <span class='ocrx_word' id='word_1_152' title='bbox 653 2289 807 2354; x_wconf 81' lang='lat' dir='ltr'>secundet</span> <span class='ocrx_word' id='word_1_153' title='bbox 824 2310 933 2373; x_wconf 88' lang='lat' dir='ltr'>aquas.</span> 
     </span>
     <span class='ocr_line' id='line_1_25' title="bbox 105 2372 898 2458; baseline 0 -20"><span class='ocrx_word' id='word_1_154' title='bbox 105 2373 243 2439; x_wconf 87' lang='lat' dir='ltr'>Troasin</span> <span class='ocrx_word' id='word_1_155' title='bbox 259 2372 402 2451; x_wconf 85' lang='lat' dir='ltr'>invideo,</span> <span class='ocrx_word' id='word_1_156' title='bbox 421 2373 566 2458; x_wconf 87' lang='lat' dir='ltr'>quamvis</span> <span class='ocrx_word' id='word_1_157' title='bbox 583 2374 751 2438; x_wconf 90' lang='lat' dir='ltr'>lacrimosa</span> <span class='ocrx_word' id='word_1_158' title='bbox 769 2397 898 2439; x_wconf 91' lang='lat' dir='ltr'>suorum</span> 
     </span>
     <span class='ocr_line' id='line_1_26' title="bbox 147 2458 904 2546; baseline 0.001 -22"><span class='ocrx_word' id='word_1_159' title='bbox 147 2459 263 2524; x_wconf 84' lang='lat' dir='ltr'>funera</span> <span class='ocrx_word' id='word_1_160' title='bbox 279 2458 488 2545; x_wconf 90' lang='lat' dir='ltr'>conspicient,</span> <span class='ocrx_word' id='word_1_161' title='bbox 506 2482 567 2524; x_wconf 90' lang='lat' dir='ltr'>nec</span> <span class='ocrx_word' id='word_1_162' title='bbox 584 2461 695 2546; x_wconf 93' lang='lat' dir='ltr'>procul</span> <span class='ocrx_word' id='word_1_163' title='bbox 713 2460 812 2525; x_wconf 90' lang='lat' dir='ltr'>bostis</span> <span class='ocrx_word' id='word_1_164' title='bbox 831 2461 904 2526; x_wconf 78' lang='lat' dir='ltr'>erit:</span> 
     </span>
     <span class='ocr_line' id='line_1_27' title="bbox 104 2544 868 2633; baseline 0 -23"><span class='ocrx_word' id='word_1_165' title='bbox 104 2545 174 2631; x_wconf 89' lang='lat' dir='ltr'>ipsa</span> <span class='ocrx_word' id='word_1_166' title='bbox 192 2545 258 2610; x_wconf 91' lang='lat' dir='ltr'>suis</span> <span class='ocrx_word' id='word_1_167' title='bbox 276 2545 425 2610; x_wconf 89' lang='lat' dir='ltr'>manibus</span> <span class='ocrx_word' id='word_1_168' title='bbox 443 2544 518 2610; x_wconf 83' lang='lat' dir='ltr'>forti</span> <span class='ocrx_word' id='word_1_169' title='bbox 535 2567 620 2611; x_wconf 85' lang='lat' dir='ltr'>nova</span> <span class='ocrx_word' id='word_1_170' title='bbox 637 2557 737 2633; x_wconf 89' lang='lat' dir='ltr'>nupta</span> <span class='ocrx_word' id='word_1_171' title='bbox 755 2546 868 2610; x_wconf 90' lang='lat' dir='ltr'>marito</span> 
     </span>
     <span class='ocr_line' id='line_1_28' title="bbox 146 2631 866 2718; baseline 0.001 -23"><span class='ocrx_word' id='word_1_172' title='bbox 146 2631 288 2717; x_wconf 89' lang='lat' dir='ltr'>imponet</span> <span class='ocrx_word' id='word_1_173' title='bbox 305 2631 431 2718; x_wconf 87' lang='lat' dir='ltr'>galeam</span> <span class='ocrx_word' id='word_1_174' title='bbox 447 2631 647 2715; x_wconf 86' lang='lat' dir='ltr'>barbaraque</span> <span class='ocrx_word' id='word_1_175' title='bbox 664 2655 753 2696; x_wconf 89' lang='lat' dir='ltr'>arma</span> <span class='ocrx_word' id='word_1_176' title='bbox 770 2631 866 2696; x_wconf 88' lang='lat' dir='ltr'>dabit.</span> 
     </span>
     <span class='ocr_line' id='line_1_29' title="bbox 105 2715 1123 2818; baseline 0.001 -38"><span class='ocrx_word' id='word_1_177' title='bbox 105 2739 195 2781; x_wconf 86' lang='lat' dir='ltr'>arma</span> <span class='ocrx_word' id='word_1_178' title='bbox 212 2717 316 2796; x_wconf 88' lang='lat' dir='ltr'>dabit,</span> <span class='ocrx_word' id='word_1_179' title='bbox 334 2715 474 2818; x_wconf 85' lang='lat' dir='ltr'>dumque</span> <span class='ocrx_word' id='word_1_180' title='bbox 491 2740 581 2782; x_wconf 90' lang='lat' dir='ltr'>arma</span> <span class='ocrx_word' id='word_1_181' title='bbox 599 2718 702 2794; x_wconf 89' lang='lat' dir='ltr'>dabit,</span> <span class='ocrx_word' id='word_1_182' title='bbox 721 2718 815 2782; x_wconf 90' lang='lat' dir='ltr'>simul</span> <span class='ocrx_word' id='word_1_183' title='bbox 833 2719 941 2782; x_wconf 90' lang='lat' dir='ltr'>oscula</span> <span class='ocrx_word' id='word_1_184' title='bbox 959 2727 1063 2782; x_wconf 90' lang='lat' dir='ltr'>sumet</span> <span class='ocrx_word' id='word_1_185' title='bbox 1079 2754 1123 2767; x_wconf 87' lang='lat'>--</span> 
     </span>
     <span class='ocr_line' id='line_1_30' title="bbox 147 2802 1248 2890; baseline 0.006 -23"><span class='ocrx_word' id='word_1_186' title='bbox 147 2802 209 2867; x_wconf 92' lang='lat' dir='ltr'>boc</span> <span class='ocrx_word' id='word_1_187' title='bbox 225 2825 328 2890; x_wconf 84' lang='lat' dir='ltr'>genus</span> <span class='ocrx_word' id='word_1_188' title='bbox 345 2802 443 2868; x_wconf 84' lang='lat' dir='ltr'>offlori</span> <span class='ocrx_word' id='word_1_189' title='bbox 460 2802 554 2869; x_wconf 86' lang='lat' dir='ltr'>dulce</span> <span class='ocrx_word' id='word_1_190' title='bbox 572 2803 696 2868; x_wconf 92' lang='lat' dir='ltr'>duobus</span> <span class='ocrx_word' id='word_1_191' title='bbox 715 2804 773 2868; x_wconf 89' lang='lat' dir='ltr'>erit</span> <span class='ocrx_word' id='word_1_192' title='bbox 789 2840 832 2850; x_wconf 90' lang='lat'>—</span> <span class='ocrx_word' id='word_1_193' title='bbox 1150 2827 1201 2878; x_wconf 80' lang='lat'>140</span> <span class='ocrx_word' id='word_1_194' title='bbox 1247 2804 1248 2807; x_wconf 48' lang='lat'>&#39;</span> 
     </span>
     <span class='ocr_line' id='line_1_31' title="bbox 103 2889 928 2973; baseline 0.001 -20"><span class='ocrx_word' id='word_1_195' title='bbox 103 2889 325 2973; x_wconf 88' lang='lat' dir='ltr'>producetque</span> <span class='ocrx_word' id='word_1_196' title='bbox 342 2890 462 2967; x_wconf 87' lang='lat' dir='ltr'>virum,</span> <span class='ocrx_word' id='word_1_197' title='bbox 481 2889 569 2954; x_wconf 90' lang='lat' dir='ltr'>dabit</span> <span class='ocrx_word' id='word_1_198' title='bbox 587 2901 619 2955; x_wconf 89' lang='lat' dir='ltr'>et</span> <span class='ocrx_word' id='word_1_199' title='bbox 636 2889 785 2954; x_wconf 86' lang='lat' dir='ltr'>mandata</span> <span class='ocrx_word' id='word_1_200' title='bbox 802 2891 928 2968; x_wconf 90' lang='lat' dir='ltr'>reverti,</span> 
     </span>
     <span class='ocr_line' id='line_1_32' title="bbox 148 2973 807 3040; baseline 0.002 -2"><span class='ocrx_word' id='word_1_201' title='bbox 148 2984 180 3039; x_wconf 91' lang='lat' dir='ltr'>et</span> <span class='ocrx_word' id='word_1_202' title='bbox 199 2973 283 3039; x_wconf 91' lang='lat' dir='ltr'>dicet</span> <span class='ocrx_word' id='word_1_203' title='bbox 303 2975 438 3040; x_wconf 84' lang='lat' dir='ltr'>‘referas</span> <span class='ocrx_word' id='word_1_204' title='bbox 456 2976 517 3040; x_wconf 88' lang='lat' dir='ltr'>ista</span> <span class='ocrx_word' id='word_1_205' title='bbox 534 2975 586 3040; x_wconf 88' lang='lat' dir='ltr'>fac</span> <span class='ocrx_word' id='word_1_206' title='bbox 604 2998 692 3040; x_wconf 90' lang='lat' dir='ltr'>arma</span> <span class='ocrx_word' id='word_1_207' title='bbox 708 2973 807 3040; x_wconf 89' lang='lat' dir='ltr'>Iovil’</span> 
     </span>
     <span class='ocr_line' id='line_1_33' title="bbox 104 3059 897 3128; baseline 0.005 -4"><span class='ocrx_word' id='word_1_208' title='bbox 104 3059 158 3124; x_wconf 90' lang='lat' dir='ltr'>ille</span> <span class='ocrx_word' id='word_1_209' title='bbox 176 3059 283 3125; x_wconf 88' lang='lat' dir='ltr'>ferens</span> <span class='ocrx_word' id='word_1_210' title='bbox 301 3060 448 3126; x_wconf 90' lang='lat' dir='ltr'>dominae</span> <span class='ocrx_word' id='word_1_211' title='bbox 465 3061 616 3126; x_wconf 90' lang='lat' dir='ltr'>mandata</span> <span class='ocrx_word' id='word_1_212' title='bbox 632 3061 772 3126; x_wconf 88' lang='lat' dir='ltr'>recentia</span> <span class='ocrx_word' id='word_1_213' title='bbox 789 3083 897 3128; x_wconf 89' lang='lat' dir='ltr'>secum</span> 
     </span>
     <span class='ocr_line' id='line_1_34' title="bbox 148 3145 801 3232; baseline 0.005 -22"><span class='ocrx_word' id='word_1_214' title='bbox 148 3145 307 3231; x_wconf 83' lang='lat' dir='ltr'>pugnabit</span> <span class='ocrx_word' id='word_1_215' title='bbox 324 3157 416 3211; x_wconf 87' lang='lat' dir='ltr'>caute</span> <span class='ocrx_word' id='word_1_216' title='bbox 433 3146 643 3232; x_wconf 85' lang='lat' dir='ltr'>respicietque</span> <span class='ocrx_word' id='word_1_217' title='bbox 661 3147 801 3213; x_wconf 83' lang='lat' dir='ltr'>domum.</span> 
     </span>
     <span class='ocr_line' id='line_1_35' title="bbox 105 3231 1198 3318; baseline 0.006 -21"><span class='ocrx_word' id='word_1_218' title='bbox 105 3242 202 3297; x_wconf 87' lang='lat' dir='ltr'>exuet</span> <span class='ocrx_word' id='word_1_219' title='bbox 219 3231 299 3296; x_wconf 88' lang='lat' dir='ltr'>baec</span> <span class='ocrx_word' id='word_1_220' title='bbox 316 3231 426 3297; x_wconf 91' lang='lat' dir='ltr'>reduci</span> <span class='ocrx_word' id='word_1_221' title='bbox 443 3232 579 3318; x_wconf 89' lang='lat' dir='ltr'>clipeum</span> <span class='ocrx_word' id='word_1_222' title='bbox 597 3234 785 3318; x_wconf 85' lang='lat' dir='ltr'>galeamque</span> <span class='ocrx_word' id='word_1_223' title='bbox 803 3233 939 3303; x_wconf 87' lang='lat' dir='ltr'>resolvet</span> <span class='ocrx_word' id='word_1_224' title='bbox 1150 3256 1198 3305; x_wconf 79' lang='lat'>145</span> 
     </span>
     <span class='ocr_line' id='line_1_36' title="bbox 149 3317 776 3404; baseline 0 -22"><span class='ocrx_word' id='word_1_225' title='bbox 149 3317 349 3404; x_wconf 83' lang='lat' dir='ltr'>excipiatque</span> <span class='ocrx_word' id='word_1_226' title='bbox 367 3339 425 3382; x_wconf 95' lang='lat' dir='ltr'>suo</span> <span class='ocrx_word' id='word_1_227' title='bbox 444 3339 577 3404; x_wconf 89' lang='lat' dir='ltr'>corpora</span> <span class='ocrx_word' id='word_1_228' title='bbox 593 3319 677 3382; x_wconf 89' lang='lat' dir='ltr'>lassa</span> <span class='ocrx_word' id='word_1_229' title='bbox 695 3318 776 3383; x_wconf 82' lang='lat' dir='ltr'>sinu.</span> 
     </span>
     <span class='ocr_line' id='line_1_37' title="bbox 104 3403 910 3491; baseline 0.004 -23"><span class='ocrx_word' id='word_1_230' title='bbox 104 3425 164 3468; x_wconf 86' lang='lat' dir='ltr'>nos</span> <span class='ocrx_word' id='word_1_231' title='bbox 182 3426 293 3468; x_wconf 90' lang='lat' dir='ltr'>sumus</span> <span class='ocrx_word' id='word_1_232' title='bbox 310 3403 449 3469; x_wconf 89' lang='lat' dir='ltr'>incertae</span> <span class='ocrx_word' id='word_1_233' title='bbox 455 3429 464 3482; x_wconf 86' lang='lat'><em>3</em></span> <span class='ocrx_word' id='word_1_234' title='bbox 483 3426 542 3469; x_wconf 85' lang='lat' dir='ltr'>nos</span> <span class='ocrx_word' id='word_1_235' title='bbox 559 3403 673 3468; x_wconf 87' lang='lat' dir='ltr'>anxius</span> <span class='ocrx_word' id='word_1_236' title='bbox 691 3404 797 3469; x_wconf 86' lang='lat' dir='ltr'>omnia</span> <span class='ocrx_word' id='word_1_237' title='bbox 815 3405 910 3491; x_wconf 84' lang='lat' dir='ltr'>cogit,</span> 
     </span>
     <span class='ocr_line' id='line_1_38' title="bbox 148 3489 838 3576; baseline 0 -22"><span class='ocrx_word' id='word_1_238' title='bbox 148 3510 234 3573; x_wconf 92' lang='lat' dir='ltr'>quae</span> <span class='ocrx_word' id='word_1_239' title='bbox 250 3500 384 3575; x_wconf 91' lang='lat' dir='ltr'>possunt</span> <span class='ocrx_word' id='word_1_240' title='bbox 401 3490 484 3567; x_wconf 87' lang='lat' dir='ltr'>fieri,</span> <span class='ocrx_word' id='word_1_241' title='bbox 502 3490 588 3554; x_wconf 89' lang='lat' dir='ltr'>facta</span> <span class='ocrx_word' id='word_1_242' title='bbox 604 3501 717 3576; x_wconf 91' lang='lat' dir='ltr'>putare</span> <span class='ocrx_word' id='word_1_243' title='bbox 734 3489 838 3554; x_wconf 89' lang='lat' dir='ltr'>timor.</span> 
     </span>
     <span class='ocr_line' id='line_1_39' title="bbox 105 3574 932 3660; baseline 0.001 -20"><span class='ocrx_word' id='word_1_244' title='bbox 105 3574 185 3640; x_wconf 92' lang='lat' dir='ltr'>dum</span> <span class='ocrx_word' id='word_1_245' title='bbox 202 3587 309 3639; x_wconf 88' lang='lat' dir='ltr'>tamen</span> <span class='ocrx_word' id='word_1_246' title='bbox 328 3598 416 3640; x_wconf 89' lang='lat' dir='ltr'>arma</span> <span class='ocrx_word' id='word_1_247' title='bbox 432 3598 525 3660; x_wconf 88' lang='lat' dir='ltr'>geres</span> <span class='ocrx_word' id='word_1_248' title='bbox 542 3575 668 3640; x_wconf 88' lang='lat' dir='ltr'>diverso</span> <span class='ocrx_word' id='word_1_249' title='bbox 685 3576 776 3642; x_wconf 91' lang='lat' dir='ltr'>miles</span> <span class='ocrx_word' id='word_1_250' title='bbox 793 3577 827 3640; x_wconf 92' lang='lat' dir='ltr'>in</span> <span class='ocrx_word' id='word_1_251' title='bbox 845 3576 932 3654; x_wconf 91' lang='lat' dir='ltr'>orbe,</span> 
     </span>
     <span class='ocr_line' id='line_1_40' title="bbox 149 3660 839 3744; baseline 0.004 -20"><span class='ocrx_word' id='word_1_252' title='bbox 149 3681 233 3744; x_wconf 91' lang='lat' dir='ltr'>quae</span> <span class='ocrx_word' id='word_1_253' title='bbox 250 3660 368 3725; x_wconf 84' lang='lat' dir='ltr'>referat</span> <span class='ocrx_word' id='word_1_254' title='bbox 384 3663 488 3726; x_wconf 86' lang='lat' dir='ltr'>vultus</span> <span class='ocrx_word' id='word_1_255' title='bbox 507 3671 556 3726; x_wconf 89' lang='lat' dir='ltr'>est</span> <span class='ocrx_word' id='word_1_256' title='bbox 571 3661 649 3725; x_wconf 91' lang='lat' dir='ltr'>mihi</span> <span class='ocrx_word' id='word_1_257' title='bbox 667 3683 740 3726; x_wconf 88' lang='lat' dir='ltr'>cera</span> <span class='ocrx_word' id='word_1_258' title='bbox 757 3673 839 3728; x_wconf 85' lang='lat' dir='ltr'>tuos.</span> 
     </span>
     <span class='ocr_line' id='line_1_41' title="bbox 104 3744 733 3823; baseline -0.002 -12"><span class='ocrx_word' id='word_1_259' title='bbox 104 3746 153 3811; x_wconf 94' lang='lat' dir='ltr'>illi</span> <span class='ocrx_word' id='word_1_260' title='bbox 170 3745 355 3823; x_wconf 87' lang='lat' dir='ltr'>blanditias,</span> <span class='ocrx_word' id='word_1_261' title='bbox 372 3744 419 3810; x_wconf 94' lang='lat' dir='ltr'>illi</span> <span class='ocrx_word' id='word_1_262' title='bbox 436 3747 493 3811; x_wconf 90' lang='lat' dir='ltr'>tibi</span> <span class='ocrx_word' id='word_1_263' title='bbox 511 3747 618 3812; x_wconf 88' lang='lat' dir='ltr'>debita</span> <span class='ocrx_word' id='word_1_264' title='bbox 635 3748 733 3812; x_wconf 87' lang='lat' dir='ltr'>verba</span> 
     </span>
     <span class='ocr_line' id='line_1_42' title="bbox 149 3831 801 3918; baseline 0.002 -22"><span class='ocrx_word' id='word_1_265' title='bbox 149 3831 300 3908; x_wconf 90' lang='lat' dir='ltr'>dicimus,</span> <span class='ocrx_word' id='word_1_266' title='bbox 319 3833 483 3918; x_wconf 86' lang='lat' dir='ltr'>amplexus</span> <span class='ocrx_word' id='word_1_267' title='bbox 501 3833 615 3918; x_wconf 91' lang='lat' dir='ltr'>accipit</span> <span class='ocrx_word' id='word_1_268' title='bbox 632 3832 687 3897; x_wconf 88' lang='lat' dir='ltr'>illa</span> <span class='ocrx_word' id='word_1_269' title='bbox 704 3855 801 3898; x_wconf 91' lang='lat' dir='ltr'>meos.</span> 
     </span>
     <span class='ocr_line' id='line_1_43' title="bbox 106 3916 1011 4005; baseline 0.001 -22"><span class='ocrx_word' id='word_1_270' title='bbox 106 3916 202 3983; x_wconf 88' lang='lat' dir='ltr'>crede</span> <span class='ocrx_word' id='word_1_271' title='bbox 219 3916 312 3994; x_wconf 90' lang='lat' dir='ltr'>mihi,</span> <span class='ocrx_word' id='word_1_272' title='bbox 330 3918 403 4005; x_wconf 91' lang='lat' dir='ltr'>plus</span> <span class='ocrx_word' id='word_1_273' title='bbox 421 3930 482 3994; x_wconf 90' lang='lat' dir='ltr'>est,</span> <span class='ocrx_word' id='word_1_274' title='bbox 501 3940 598 4003; x_wconf 86' lang='lat' dir='ltr'>quam</span> <span class='ocrx_word' id='word_1_275' title='bbox 615 3919 701 4002; x_wconf 91' lang='lat' dir='ltr'>quod</span> <span class='ocrx_word' id='word_1_276' title='bbox 718 3919 873 3995; x_wconf 86' lang='lat' dir='ltr'>videatur,</span> <span class='ocrx_word' id='word_1_277' title='bbox 890 3917 1011 4005; x_wconf 84' lang='lat' dir='ltr'>imago:</span> 
     </span>
     <span class='ocr_line' id='line_1_44' title="bbox 150 4003 833 4070; baseline 0.001 -3"><span class='ocrx_word' id='word_1_278' title='bbox 150 4003 233 4067; x_wconf 90' lang='lat' dir='ltr'>adde</span> <span class='ocrx_word' id='word_1_279' title='bbox 251 4024 364 4067; x_wconf 90' lang='lat' dir='ltr'>sonum</span> <span class='ocrx_word' id='word_1_280' title='bbox 383 4024 473 4069; x_wconf 89' lang='lat' dir='ltr'>cerae</span> <span class='ocrx_word' id='word_1_281' title='bbox 489 4003 746 4069; x_wconf 87' lang='lat' dir='ltr'>—Protesilaus</span> <span class='ocrx_word' id='word_1_282' title='bbox 765 4005 833 4070; x_wconf 88' lang='lat' dir='ltr'>erit.</span> 
     </span>
     <span class='ocr_line' id='line_1_45' title="bbox 106 4088 1213 4180; baseline 0.002 -26"><span class='ocrx_word' id='word_1_283' title='bbox 106 4088 191 4154; x_wconf 87' lang='lat' dir='ltr'>banc</span> <span class='ocrx_word' id='word_1_284' title='bbox 208 4099 317 4175; x_wconf 87' lang='lat' dir='ltr'>specto</span> <span class='ocrx_word' id='word_1_285' title='bbox 335 4099 490 4175; x_wconf 88' lang='lat' dir='ltr'>teneoque</span> <span class='ocrx_word' id='word_1_286' title='bbox 508 4089 580 4156; x_wconf 83' lang='lat' dir='ltr'>sinu</span> <span class='ocrx_word' id='word_1_287' title='bbox 597 4113 655 4178; x_wconf 90' lang='lat' dir='ltr'>pro</span> <span class='ocrx_word' id='word_1_288' title='bbox 673 4090 810 4180; x_wconf 79' lang='lat' dir='ltr'>coniuge</span> <span class='ocrx_word' id='word_1_289' title='bbox 825 4111 918 4168; x_wconf 79' lang='lat' dir='ltr'>uero,</span> <span class='ocrx_word' id='word_1_290' title='bbox 1154 4113 1213 4156; x_wconf 67' lang='lat' dir='ltr'>uss</span> 
     </span>
    </p>
   </div>
   <div class='ocr_carea' id='block_1_3' title="bbox 0 0 1306 4974">
    <p class='ocr_par' dir='ltr' id='par_1_3' title="bbox 0 0 1306 4974">
     <span class='ocr_line' id='line_1_46' title="bbox 0 0 1306 4974; baseline 0 0"><span class='ocrx_word' id='word_1_291' title='bbox 0 0 1306 4974; x_wconf 95' lang='lat' dir='ltr'> </span> 
     </span>
    </p>
   </div>
  </div>
 </body>
</html>
