2604 4974
390 283 594 341 HEROIDUM
610 284 704 340 XVII.
725 285 851 340 16-103.

147 417 184 472 ut
202 429 307 473 comes
324 406 358 470 in
375 418 499 471 nostras
517 407 659 472 officiosa
676 408 754 471 vias.

104 494 188 558 hano
206 515 267 580 ego
286 492 459 577 suspiciens
478 492 615 570 ‘faveas‚
634 494 694 558 dea
712 492 867 570 candida,'
887 493 952 557 dixi

148 585 195 643 ‘et
214 579 349 643 subeant
366 578 470 642 animo
488 577 618 642 Latmia
635 602 713 643 saxa
730 590 796 643 tuo.

104 687 168 730 non
187 663 261 729 sinit
278 663 462 748 Endymion
478 674 509 728 te
526 664 662 748 pectoris
681 686 749 729 esse
768 664 883 729 severi:

146 750 254 828 flecte,
272 771 392 835 precor,
410 749 513 812 vultus
532 749 573 813 ad
589 773 662 814 mea
679 751 765 814 furta
782 762 863 814 tuos.

105 847 155 910 tu,
174 835 249 912 dea,
268 835 432 899 mortalem
449 835 536 899 caelo
555 835 684 920 delapsa
701 836 845 921 petebas:

147 944 223 985 vera
240 920 328 1004 loqui
345 920 440 985 liceat
456 955 500 966 -
516 941 612 1002 quarn
631 943 756 1004 sequor,
775 921 844 1006 ipsa
862 920 922 985 dea
939 931 1001 998 est;

105 1029 169 1072 neu
186 1007 323 1071 referam
340 1028 444 1070 mores
463 1007 590 1070 caelesti
606 1017 734 1091 pectore
752 1007 876 1091 dignos,

147 1092 251 1156 forma
267 1091 329 1156 nisi
345 1091 379 1154 in
396 1114 487 1155 veras
504 1113 569 1154 non
587 1092 671 1156 cadit
689 1092 744 1156 illa
761 1093 845 1156 deas.

106 1201 125 1241 a
142 1178 277 1243 Veneris
295 1177 377 1242 facie
394 1199 459 1240 non
477 1187 524 1240 est
541 1176 627 1260 prior
644 1177 709 1242 ulla
727 1188 858 1260 tuaque3

147 1286 229 1328 neve
246 1262 325 1327 meis
344 1262 453 1326 credas
472 1261 616 1337 vocibus,
634 1262 705 1347 ipsa
722 1262 804 1326 vide.

104 1360 276 1432 quantum,
295 1369 367 1412 oum
385 1347 489 1432 fulges
507 1347 603 1411 radiis
622 1359 772 1433 argentea
789 1347 887 1433 puris,

148 1434 327 1499 concedunt
343 1432 478 1498 flammis
497 1433 599 1496 sidera
617 1444 731 1497 cuncta
748 1433 821 1510 tuis,

104 1531 193 1585 tanto
210 1519 356 1584 formosis
374 1518 541 1583 formosior
559 1519 705 1583 omnibus
722 1519 776 1583 illa
793 1530 854 1583 est:

148 1606 176 1670 si
193 1605 335 1682 dubitas,
354 1627 498 1681 caecum,
517 1601 671 1688 Cynthia,
689 1605 796 1668 lumen
813 1603 931 1669 habes.’

104 1691 186 1756 haec
203 1713 263 1777 ego
282 1692 332 1756 vel
350 1701 434 1755 certe
451 1712 516 1754 non
533 1690 582 1754 his
601 1690 725 1754 diversa
742 1690 866 1754 locutus

148 1799 207 1862 per
223 1776 301 1840 mihi
318 1777 466 1841 cedentes
483 1788 577 1839 nocte
595 1774 720 1839 ferebar
737 1797 846 1858 aquas.

104 1864 193 1926 unda
209 1884 413 1947 repercussae
430 1861 575 1925 radiabat
592 1861 730 1945 imagine
747 1862 852 1937 lunae,

149 1958 181 2013 et
197 1948 282 2011 nitor
298 1947 331 2011 in
348 1947 444 2012 tacita
461 1957 553 2011 nocte
571 1946 703 2010 diurnus
722 1957 802 2010 erat:

104 2033 257 2116 nullaque
274 2054 338 2096 vox
355 2054 505 2116 usquam,
523 2033 645 2095 nullum
664 2031 811 2097 veniebat
828 2032 869 2097 ad
887 2054 978 2097 aures

148 2129 275 2204 praeter
293 2117 429 2182 dimotae
447 2139 577 2203 corpore
595 2140 738 2182 murmur
755 2139 867 2202 aquae.

105 2204 254 2289 alcyones
273 2204 371 2279 solae,
391 2224 544 2268 memores
565 2201 679 2288 Ceycis
697 2205 802 2281 amati,

148 2289 255 2354 nescio
273 2289 350 2372 quid
367 2289 452 2353 visae
471 2300 543 2354 sunt
560 2289 638 2352 mihi
656 2289 748 2354 dulce
765 2290 864 2372 queri.

105 2376 234 2457 iamque
251 2374 392 2460 fatigatis
410 2397 520 2439 umero
537 2376 598 2439 sub
615 2386 749 2458 utroque
766 2375 892 2440 lacertis

148 2461 272 2525 fortiter
288 2461 321 2523 in
339 2483 478 2525 summas
497 2460 602 2546 erigor
618 2462 700 2524 altus
718 2482 828 2544 aquas.

105 2557 142 2611 ut
159 2547 271 2630 procul
289 2545 397 2630 aspexi
414 2546 536 2623 lumen,
555 2554 658 2610 ‘meus
675 2545 758 2631 ignis
775 2545 807 2608 in
825 2546 879 2610 illo
897 2556 959 2613 est:

147 2632 202 2696 illa
219 2632 339 2696 meum’
359 2631 424 2696 dixi
443 2632 549 2695 ‘litora
566 2632 673 2695 lumen
691 2631 829 2696 habent?

106 2728 138 2781 et
155 2717 260 2780 subito
277 2717 369 2781 lassis
387 2717 469 2780 vires
486 2717 607 2781 rediere
624 2716 758 2793 lacertis,

149 2803 294 2886 visaque,
313 2823 408 2885 quam
426 2802 543 2879 fuerat,
562 2801 685 2865 mollior
702 2802 789 2866 unda
805 2801 892 2866 mihi.

105 2888 226 2973 frigora
243 2910 283 2952 ne
300 2888 419 2973 possim
436 2888 533 2973 gelidi
550 2888 665 2952 sentire
682 2887 841 2973 profundi,

149 2973 205 3056 qui
222 2972 303 3037 calet
319 2973 353 3036 in
371 2974 486 3057 cupido
504 2984 645 3058 pectore,
664 2984 802 3058 praestat
819 2995 917 3038 amor.

106 3080 170 3142 quo
188 3058 290 3142 magis
309 3058 439 3135 accedo,
457 3059 667 3144 propioraque
685 3059 777 3123 litora
793 3059 883 3136 fiunt,

148 3164 276 3227 quoque
294 3144 398 3208 minus
415 3155 527 3221 restat,
544 3146 615 3230 plus
633 3144 710 3209 libet
727 3145 772 3209 ire
791 3144 878 3208 mihi.

107 3252 180 3294 cum
198 3251 273 3293 vero
290 3251 420 3313 possum
438 3231 522 3294 cerni
539 3251 680 3313 quoque,
697 3231 841 3315 protinus
859 3231 948 3295 addis

148 3315 320 3400 spectatrix
338 3315 474 3390 animos,
492 3325 527 3378 ut
545 3315 730 3398 valeamque
748 3316 837 3380 facis.

105 3423 191 3464 nune
209 3401 303 3465 etiam
320 3401 425 3465 nando
444 3400 589 3464 dominae
606 3400 763 3484 placuisse
781 3402 890 3465 laboro

148 3496 244 3568 atque
263 3486 361 3550 oculis
378 3487 460 3550 iacto
478 3484 626 3549 bracchia
642 3497 750 3550 nostra
768 3488 840 3551 tuis.

105 3584 136 3636 te
155 3584 211 3635 tua
228 3571 282 3635 vix
300 3571 447 3656 prohibet
462 3570 569 3634 nutrix
587 3570 777 3636 descendere
795 3573 827 3635 in
845 3573 954 3636 altum.

148 3656 210 3720 hoc
227 3678 352 3740 quoque
371 3657 454 3720 enim
473 3656 551 3732 vidi,
568 3678 628 3720 nec
645 3656 722 3720 mihi
740 3658 837 3721 verba
855 3657 963 3721 dabas.

106 3765 165 3808 nec
182 3754 288 3806 tamen
306 3742 425 3818 effecit,
444 3742 588 3825 quamvis
605 3741 760 3806 retinebat
777 3753 914 3818 euntem,

148 3851 189 3892 ne
206 3827 296 3892 fieret
311 3828 413 3912 prima
430 3850 486 3911 pes
504 3838 577 3891 tuus
594 3827 677 3891 udus
696 3848 789 3910 aqua.

107 3913 227 3999 excipis
246 3914 394 3997 amplexu
412 3911 579 3996 feliciaque
597 3913 705 3976 oscula
721 3913 837 3998 iungis,

148 3998 272 4075 oscula,
290 3998 323 4062 di
340 3997 460 4083 magnii
488 4010 573 4063 trans
591 4020 678 4063 mare
697 3998 793 4147 Δίἔια
810 3998 889 4083 peti:

107 4106 188 4170 eque
206 4083 268 4148 tuis
286 4084 429 4170 demptos
447 4084 563 4149 umeris
580 4083 657 4149 mihi
675 4094 723 4148 tra
747 4084 772 4148 's
790 4083 923 4151 amiotus

159 4182 291 4233 aalma
940 4187 960 4244 a
