2604 4974
196 813 239 879 94
534 826 568 882 Ρ.
587 827 697 885 0va
713 826 876 884 NASONIS

196 950 304 1038 accipe
322 963 353 1017 et
370 951 412 1017 ad
429 950 588 1016 dominam
605 961 767 1036 peraratas
783 973 877 1016 manc
895 950 1028 1017 tabellas

238 1037 352 1137 perfer,
372 1049 403 1102 et
421 1037 581 1103 obstantes
598 1037 710 1101 sedula
726 1036 808 1122 pelle
825 1058 939 1101 moras.

196 1144 255 1188 nec
273 1123 395 1187 sdicum
412 1144 513 1188 venas
531 1143 590 1187 nec
607 1121 722 1186 durum
738 1122 772 1187 in
789 1133 915 1206 pectore
931 1120 1061 1199 ferrum,

147 1226 179 1276 lo
238 1229 298 1272 nec
315 1207 372 1271 tibi
390 1207 573 1293 simplicitas
591 1207 701 1271 ordine
718 1207 819 1271 maior
836 1206 933 1272 adest.

197 1293 344 1358 credibile
363 1304 410 1357 est
427 1306 459 1358 et
476 1304 507 1358 te
525 1291 661 1358 sensisse
680 1289 847 1377 Cupidinis
865 1313 971 1357 arcust

237 1378 271 1443 in
289 1400 339 1442 me
357 1378 485 1442 militiae
503 1379 594 1463 signa
611 1388 699 1442 tuere
717 1389 800 1442 tuae.

197 1463 222 1527 si
242 1474 386 1547 quaeret,
404 1464 480 1546 quid
499 1486 606 1547 agam,
626 1485 681 1548 spe
698 1463 798 1527 noctis
816 1461 922 1528 vivere
940 1462 1036 1528 dicos.

239 1561 343 1613 cetera
360 1549 422 1613 fert
440 1549 556 1612 blanda
574 1570 645 1612 cera
662 1558 770 1612 notata
786 1570 894 1612 manu.

148 1653 179 1703 15
199 1635 274 1699 dum
293 1635 416 1717 loquor,
434 1634 512 1698 hora
528 1633 622 1718 fugit.
667 1656 786 1697 vacuae
804 1633 884 1697 bene
902 1632 1000 1698 redde
1017 1633 1160 1710 tabellas,

237 1742 348 1784 verum
366 1719 514 1783 continuo
531 1719 583 1783 fac
600 1729 706 1783 tamen
722 1718 777 1783 illa
793 1718 889 1804 legat.

196 1804 331 1890 aspicias
349 1806 456 1869 oculos
474 1805 589 1869 mando
606 1805 806 1886 frontemque
823 1803 971 1889 legentis:

238 1913 256 1955 e
273 1889 369 1954 tacito
386 1890 475 1954 vultu
492 1891 572 1954 scire
589 1889 698 1953 futura
714 1890 796 1954 licet.

195 1997 254 2040 nec
272 1997 375 2052 mora,
392 1975 538 2060 perlectis
556 1975 708 2040 rescribat
724 1976 838 2050 multa,
856 1974 978 2040 iubeto:

146 2081 178 2129 20
238 2060 305 2137 odi,
324 2082 397 2125 cum
414 2061 476 2125 late
495 2060 660 2145 splendida
678 2083 750 2124 cera
767 2071 869 2125 vacat.

196 2146 382 2231 comprimat
400 2145 561 2209 ordinibus
580 2169 704 2219 versus,
724 2147 895 2228 oculosque
912 2157 1052 2212 moretur

237 2232 379 2316 margine
397 2231 430 2294 in
447 2243 588 2296 extremo
605 2232 710 2296 littera
727 2255 799 2295 rasa
816 2253 913 2297 meos.
930 2267 974 2279 --
1027 2268 1029 2272 Α

194 2316 271 2399 quid
289 2317 403 2402 digitos
421 2339 500 2401 opus
519 2327 567 2380 est
583 2317 716 2401 graphio
733 2317 850 2381 lassare
868 2316 1023 2382 tenendo?

237 2401 297 2466 hoc
314 2402 430 2466 habeat
448 2402 599 2487 scriptum
617 2413 683 2466 tota
699 2402 831 2477 tabella,
850 2401 966 2466 ‘venii'

145 2507 177 2555 ab
195 2509 259 2552 uon
277 2509 337 2572 ego
354 2486 498 2552 victrices
516 2489 604 2551 lauro
622 2487 768 2552 redimiro
786 2488 918 2552 tabellas

236 2594 296 2637 nec
313 2573 446 2639 Veneris
464 2572 569 2637 media
585 2594 703 2657 ponere
719 2572 753 2636 in
771 2573 848 2638 aedo
866 2595 978 2637 morer.

195 2658 391 2723 subscribam
410 2658 543 2723 ‘Veneri
560 2657 640 2722 fidas
658 2657 717 2722 sibi
734 2658 821 2724 Naso
838 2659 996 2724 ministras

237 2743 380 2808 dedicat?
424 2755 457 2808 at
473 2766 575 2829 nuper
592 2743 654 2808 vile
672 2742 775 2809 fuistis
793 2767 875 2809 acer.

661 2896 743 2962 XIL

193 3001 284 3065 Flete
302 3024 389 3066 meos
408 3001 513 3066 casus!
541 3001 644 3065 tristes
662 3002 782 3066 rediere
800 3001 944 3067 tabellae.

235 3086 346 3151 infelix
363 3087 456 3151 hodie
473 3086 686 3171 littera'posse
703 3098 809 3171 negat.

153 3194 155 3198 ⁴
194 3173 299 3236 omina
317 3187 390 3237 sunt
408 3173 536 3255 aliquid.
579 3172 673 3235 modo
692 3193 764 3236 cum
782 3173 941 3236 discedere
959 3173 1062 3249 vellet,

237 3258 278 3321 ad
295 3258 391 3324 limen
409 3258 525 3342 digitos
543 3257 656 3322 restitit
673 3257 737 3322 icta
754 3257 855 3342 Nape.

160 3362 176 3408 5
193 3343 290 3406 missa
306 3343 391 3408 foras
410 3344 523 3408 iterum
540 3343 638 3406 limen
654 3343 787 3406 transire
805 3352 962 3407 memento

236 3429 358 3492 cautius
377 3440 471 3510 atque
489 3429 551 3493 alte
570 3428 675 3492 sobria
691 3428 773 3493 ferre
790 3428 919 3512 pedeml

193 3512 235 3577 ite
253 3512 341 3590 hino,
359 3514 519 3589 difficiles,
536 3513 683 3578 funebria
700 3514 800 3597 ligna,
819 3513 964 3589 tabellae,

236 3608 333 3680 tuque
351 3599 512 3684 negaturis
531 3620 603 3663 cera
619 3598 736 3662 referta
753 3599 846 3674 notis,

194 3704 305 3766 quarn,
323 3695 414 3769 puto,
433 3684 472 3748 de
489 3685 604 3768 longae
622 3683 785 3747 collectam
801 3684 878 3748 flore
896 3683 1017 3748 cicutae

146 3789 177 3838 10
237 3768 330 3833 melle
348 3770 407 3832 sub
424 3768 536 3832 infami
554 3765 685 3832 Corsica
701 3769 787 3832 misit
804 3769 881 3854 apis.

195 3876 228 3930 a,
247 3864 409 3937 tamquam
427 3854 523 3918 minio
540 3853 664 3938 penitus
683 3853 838 3920 medicata
854 3853 1005 3919 rubebas:

236 3939 289 4003 ille
307 3940 392 4004 color
408 3961 482 4004 vere
500 3939 761 4024 sanguinulentus
780 3939 859 4005 erat!

194 4024 352 4108 proiectae
370 4024 469 4089 triviis
486 4024 628 4101 iaceatis,
646 4024 755 4089 inutile
772 4024 905 4109 lignum,

237 4130 356 4193 vosque
374 4121 460 4174 rotae
478 4109 605 4194 frangat
621 4109 849 4195 praetereuntis
867 4132 957 4174 onus.

147 4213 178 4262 15
195 4193 284 4259 illum
302 4195 411 4272 etiarn,
429 4195 483 4278 qui
501 4217 557 4259 vos
575 4218 614 4259 ex
632 4194 743 4259 arbore
761 4195 853 4259 vertit
870 4195 902 4259 in
920 4217 1023 4270 usum,

237 4280 421 4344 convincam
438 4302 533 4365 puras
551 4301 615 4343 uon
631 4279 780 4344 habuisse
796 4303 919 4345 manus.

194 4365 340 4450 praebuit
357 4364 411 4429 illa
427 4365 522 4430 arbor
537 4364 651 4429 misero
670 4364 840 4448 suspendia
857 4367 948 4443 collo,

237 4450 375 4514 carnifici
393 4450 476 4515 diras
493 4450 639 4535 praebuit
655 4448 710 4514 illa
727 4471 866 4523 crucesa

163 4594 173 4603 ..
194 4534 249 4599 illa
265 4535 352 4601 dedit
368 4547 476 4621 turpes
494 4535 578 4600 ravis
595 4533 774 4599 bubonibus
793 4537 934 4600 umbras:

144 4638 179 4693 ao
236 4620 367 4688 volturis
384 4620 418 4685 in
434 4621 529 4687 ramis
547 4631 579 4693 et
594 4619 700 4709 strigis
717 4641 779 4688 ova
795 4621 875 4689 tulit
