2604 4974
61 39 1272 433 ’Ξῖ-Ἰ

214 703 256 770 38
550 719 583 777 Ρ.
603 719 713 778 OVIDI
730 717 893 777 NASONIS
927 775 930 781 .

162 860 195 910 60
256 841 356 919 ‘vive,
374 865 435 908 nec
450 842 545 907 unius
563 864 601 908 co
640 865 693 908 ore
710 842 808 930 perde
825 840 919 908 duosl

212 949 285 1014 spes
302 927 387 993 bono
403 928 458 994 det
474 928 568 994 vires.
625 929 716 994 ratris
733 952 808 994 nam
825 939 926 1015 nupta
942 926 1052 994 futura

254 1013 353 1091 illius,
371 1013 411 1079 de
429 1035 493 1098 quo
510 1025 620 1093 mater,
639 1024 671 1080 et
687 1036 768 1080 uxor
785 1013 867 1080 eris'

212 1110 337 1164 mortua
353 1097 461 1183 (crede
478 1100 572 1188 mihi)
589 1111 695 1167 tamen
712 1100 754 1165 ad
771 1110 827 1166 tua
844 1099 942 1166 verba
959 1099 1069 1180 revixi,

255 1197 287 1250 et
302 1185 441 1270 positum
459 1197 507 1250 est
523 1187 605 1252 uteri
623 1186 741 1253 crimen
758 1207 902 1270 onusque
919 1186 991 1251 mei.

162 1287 194 1336 65
211 1271 289 1355 quid
306 1271 365 1335 tibi
382 1272 535 1358 grataris?
552 1273 657 1338 media
675 1274 763 1339 sedet
780 1272 903 1336 Aeolus
920 1271 1007 1337 aula:

255 1356 386 1421 crimina
403 1366 477 1421 sunt
494 1359 593 1422 oculis
611 1357 814 1443 subripienda
830 1356 939 1443 patris.

211 1443 377 1507 frondibus
394 1443 549 1509 infantem
566 1444 723 1527 ramisque
742 1443 876 1508 albentis
893 1443 995 1508 olivae

255 1539 286 1594 et
301 1528 425 1595 levibus
442 1529 528 1594 vittis
547 1530 657 1596 sedula
674 1530 756 1594 celat
773 1551 863 1605 anus,

211 1613 348 1697 fictaque
367 1636 457 1679 sacra
473 1615 551 1679 facit
568 1615 706 1699 dicitque
723 1614 886 1700 precantia
903 1615 1014 1680 verba:

162 1715 195 1764 70
254 1700 463 1786 datpopulus
481 1700 592 1778 sacris,
612 1702 666 1765 dat
683 1713 773 1785 pater
789 1699 857 1785 ipse
875 1698 969 1765 viam.

211 1785 275 1851 iam
292 1807 392 1872 prope
408 1786 506 1851 limen
523 1800 599 1852 erat.
643 1785 761 1873 patrias
778 1785 905 1872 vagitus
923 1786 963 1851 ad
982 1785 1066 1851 auris

253 1871 354 1949 venit,
373 1881 405 1937 et
421 1872 537 1937 indicio
555 1873 699 1959 proditur
715 1872 769 1937 ille
787 1894 854 1936 suo.

212 1956 305 2042 eripit
321 1957 477 2022 infantem
493 1959 687 2042 mentitaque
706 1979 796 2023 sacra
812 1956 932 2023 revelat

253 2043 386 2109 Aeolus.
430 2043 541 2109 insana
558 2045 647 2131 regia
663 2066 743 2109 voce
761 2054 861 2108 sonat.

161 2145 192 2192 75
210 2138 247 2193 ut
263 2151 351 2195 mare
368 2129 404 2194 fit
420 2130 604 2207 tremulum,
622 2129 710 2196 tenui
728 2152 801 2194 cum
819 2129 984 2215 stringitur
1000 2153 1087 2206 aura,

254 2224 290 2278 ut
307 2215 448 2297 quatitur
465 2215 572 2302 tepido
589 2215 715 2280 fraxina
732 2215 824 2301 virga
840 2226 926 2291 noto,

212 2298 257 2363 sio
275 2323 347 2364 mea
363 2300 482 2365 vibrari
499 2301 650 2387 pallentia
667 2300 811 2367 membra
827 2300 966 2367 videres:

254 2406 388 2469 quassus
406 2386 447 2451 ab
464 2386 602 2473 inposito
619 2409 752 2473 corpore
768 2387 869 2452 lectus
887 2397 964 2451 erat.

211 2471 309 2536 inruit
326 2482 358 2537 et
374 2482 518 2537 nostrum
534 2472 644 2559 vulgat
663 2474 799 2537 clamore
817 2472 981 2558 pudorem,

159 2574 193 2624 80
253 2568 286 2624 et
302 2556 356 2621 vix
374 2581 394 2622 a
410 2558 525 2623 misero
544 2558 682 2624 continet
698 2580 753 2624 ore
770 2581 894 2623 manus.

209 2642 279 2730 ipsa
295 2643 375 2708 nihil
391 2654 516 2730 praeter
531 2645 678 2711 lacrimas
695 2643 883 2731 pudibunda
898 2643 1035 2730 profudi.

252 2740 415 2816 torpuerat
431 2729 537 2816 gelido
553 2731 664 2818 lingua
681 2740 803 2797 retenta
818 2741 885 2795 met
908 2778 916 2794 .

209 2813 336 2900 iamque
353 2815 422 2881 dari
438 2839 573 2903 parvum
591 2817 786 2900 canibusque
804 2814 980 2900 avibusque
997 2825 1145 2902 nepot-em

252 2901 401 2979 iusserat,
418 2902 452 2966 in
470 2901 544 2967 solis
562 2902 753 2987 destituique
770 2900 862 2967 locis!

158 3003 192 3054 85
209 2987 336 3074 vagitus
354 2988 442 3054 dedit
458 2989 511 3054 ille
529 2989 624 3054 miser
640 3025 684 3035 —
700 2987 835 3054 sensisse
852 2998 979 3074 putares
996 3024 1040 3033 —

252 3094 379 3157 quaque
398 3096 491 3139 suum
508 3086 632 3162 poterat
648 3097 726 3140 voce
744 3074 877 3160 rogabat
895 3096 1000 3137 avum.

210 3159 289 3242 quid
305 3159 384 3224 mihi
400 3170 477 3225 tuno
495 3161 592 3226 animi
609 3161 726 3236 credis,
745 3183 909 3246 germane,
928 3159 1026 3223 fuisse

252 3244 342 3328 (nam
358 3257 450 3334 potes
468 3270 507 3312 ex
525 3246 630 3311 animo
648 3246 796 3330 colligere
812 3245 881 3331 ipse
898 3245 979 3331 tuo),

210 3351 284 3394 oum
301 3354 373 3397 mea
390 3355 441 3398 me
460 3355 566 3398 coram
583 3333 678 3398 silvas
696 3331 843 3396 inimicus
861 3330 895 3394 in
912 3331 991 3394 altas

159 3434 192 3483 90
251 3416 375 3482 viscera
390 3419 548 3483 montanis
565 3419 662 3484 ferret
679 3416 802 3482 edenda
818 3416 921 3502 lupis?

211 3503 330 3568 exierat
347 3504 497 3568 thalamo.
540 3515 616 3569 tuno
634 3504 762 3568 demum
780 3514 908 3588 pectora
925 3501 1034 3587 plangi

253 3588 385 3676 contigit
401 3589 497 3672 inque
513 3613 602 3654 meas
619 3588 781 3674 unguibus
798 3589 844 3652 ire
861 3611 971 3674 genas.

209 3674 330 3740 interea
346 3676 468 3761 patrius
485 3676 575 3740 vultu
593 3685 752 3740 maerente
770 3675 895 3738 satelles

252 3760 340 3825 venit
357 3771 388 3826 et
405 3760 552 3848 indignos
571 3760 669 3826 edidit
686 3782 740 3825 ore
758 3782 866 3824 sonos:

160 3865 192 3914 95
211 3846 343 3911 ‘Aeolus
360 3846 445 3912 huno
463 3870 571 3914 ensem
588 3846 683 3912 mittit
699 3845 771 3911 tibi’
789 3882 832 3892 -
849 3844 978 3910 tradidit
995 3868 1102 3910 ensem
1119 3882 1162 3892 -

253 3939 300 3997 ‘et
315 3932 404 4000 iubet
422 3955 462 3998 ex
478 3933 591 3998 merito
609 3932 703 4009 scire,
721 3931 874 4016 quidiste
892 3930 988 3996 velit?

210 4018 328 4083 scimus
346 4028 378 4083 et
394 4030 522 4085 utemur
537 4018 675 4083 violento
693 4016 816 4083 fortiter
833 4041 922 4082 ense:

252 4103 432 4190 pectoribus
450 4105 586 4170 condam
603 4105 687 4170 dona
703 4113 836 4190 paterna
852 4103 940 4167 meis.

209 4188 259 4254 bis
276 4212 348 4254 mea
364 4190 562 4267 muneribus,
579 4190 712 4276 genitor,
731 4187 867 4255 conubia
884 4188 1001 4253 donas?

144 4297 193 4346 100
253 4275 314 4341 bac
330 4286 385 4341 tua
402 4276 490 4354 dote,
507 4285 608 4363 pater,
624 4275 690 4340 filia
707 4275 795 4339 dives
813 4273 891 4337 erit?

209 4361 285 4428 tolle
324 4363 427 4441 rooul,
445 4363 592 4448 decepte,
608 4360 710 4437 faces,
727 4360 930 4444 Hymenaee,
947 4357 1076 4422 maritas

253 4459 285 4514 et
337 4469 379 4532 ge
396 4448 524 4514 turbato
540 4458 625 4513 testa
641 4444 780 4511 nefanda
796 4443 889 4530 pedel

210 4534 290 4600 ferte
306 4532 393 4600 faces
410 4535 444 4599 in
460 4557 528 4613 me,
546 4554 626 4619 quas
642 4530 747 4608 fertis,
764 4528 901 4616 Erinyes
918 4539 1016 4609 atrae,
