2604 4974
220 698 263 767 54
557 714 592 772 1².
611 714 901 774 0110111Αο0110

152 860 200 910 120
261 848 334 905 ante
351 840 460 906 oculos
476 842 569 926 posui
587 841 702 926 pocula
719 849 846 924 sumpta
862 861 960 904 meos.

217 926 337 1003 lumina
354 926 500 1003 demitto,
519 948 592 991 cum
610 937 642 991 to
659 935 745 990 tenet
762 925 860 989 artius
877 924 940 1002 ille,

260 1011 373 1076 crescit
390 1024 422 1077 et
439 1011 538 1077 invito
555 1012 660 1077 lentus
677 1012 710 1075 in
729 1033 783 1076 ore
801 1011 900 1075 cibus.

217 1119 311 1182 saepe
328 1097 401 1161 dedi
418 1098 565 1184 gemitus.
610 1107 705 1173 0110,
724 1096 856 1170 lasciva,
872 1096 982 1161 notavi

258 1182 291 1246 in
308 1183 429 1269 gemitu
446 1183 545 1248 risum
561 1205 627 1248 non
644 1182 782 1248 tenuisse
800 1203 880 1246 meo.

149 1288 197 1338 125
216 1289 310 1353 saepe
328 1291 414 1333 mero
432 1269 520 1334 volui
535 1269 695 1334 flammam
713 1288 928 1351 compescere:
946 1267 1050 1333 atille

259 1353 372 1430 crevit,
391 1365 423 1419 01
440 1355 575 1420 ebrietas
592 1354 674 1440 ignis
691 1354 726 1419 in
742 1354 816 1438 igne
834 1352 904 1418 fuit.

215 1439 377 1521 multaque
394 1463 435 1505 ne
452 1440 593 1516 videam,
610 1461 703 1503 versa
721 1439 843 1504 cervice
860 1439 1027 1503 rcoumbo:

257 1524 314 1588 sed
330 1546 460 1590 revocas
478 1525 585 1590 oculos
603 1524 746 1610 protinus
763 1524 832 1609 ipsa
849 1546 947 1588 meos.

215 1609 292 1692 quid
309 1609 439 1687 faciam,
457 1610 578 1675 dubito.
623 1611 712 1675 dolor
729 1621 777 1674 est
795 1632 884 1674 meus
900 1609 955 1674 illa
972 1609 1091 1688 videre,

148 1712 197 1763 tao
258 1694 314 1760 scd
332 1695 421 1759 dolor
438 1719 457 1760 a
474 1696 556 1761 facie
574 1695 675 1761 maior
691 1695 803 1760 abesse
821 1706 886 1760 tua.

214 1799 278 1862 qua
295 1781 367 1845 licet
385 1791 417 1845 et
433 1803 578 1867 possum,
594 1782 697 1847 luctor
714 1781 816 1846 celare
833 1780 983 1858 furorem,

258 1865 314 1930 sed
331 1878 437 1931 tamen
454 1878 586 1952 apparet
603 1867 816 1932 dissimulatus
834 1888 932 1932 amor.

213 1973 273 2016 nee
290 1951 348 2016 tibi
366 1953 463 2017 verba
481 1954 603 2017 damus.
648 1953 745 2018 sentis
762 1975 834 2016 mea
851 1953 997 2029 vulnera,
1014 1952 1122 2019 sentis.

256 2049 351 2120 atque
369 2039 490 2103 utinam
508 2038 568 2103 soli
585 2039 647 2103 sint
665 2061 703 2103 ea
719 2049 796 2102 nota
812 2036 884 2102 tibil

148 2142 196 2190 135
216 2121 248 2187 al
267 2123 412 2206 quotiens
429 2124 566 2189 lacrimis
584 2123 783 2189 venientibus
801 2145 856 2186 ora
872 2123 991 2200 reflexi,

255 2232 296 2273 ne
315 2231 443 2274 causam
460 2211 553 2274 fletus
572 2220 739 2293 quaereret
755 2209 808 2274 ille
825 2208 897 2273 mei.

214 2293 246 2357 al
266 2295 410 2377 quotiens
429 2295 567 2378 aliquem
583 2295 710 2360 narravi
727 2306 821 2380 potus
839 2316 989 2372 amorem,

258 2381 299 2444 ad
316 2381 422 2444 vultus
439 2381 578 2445 referens
596 2380 723 2467 singula
740 2379 839 2444 verba
855 2393 937 2456 tuos,

213 2465 428 2548 indiciumque
445 2467 508 2531 mei
525 2466 600 2531 ficto
618 2467 678 2530 sub
695 2467 823 2530 nomine
841 2465 917 2530 feci:

147 2570 196 2619 140
256 2552 308 2616 ille
326 2573 401 2636 eg0,
420 2552 447 2616 si
464 2552 581 2629 nescis,
599 2574 694 2617 verus
712 2562 834 2617 amator
851 2574 948 2616 cram.

214 2638 290 2721 quin
309 2638 418 2714 etiam,
436 2650 472 2701 ut
489 2660 614 2722 possem
632 2637 737 2702 verbis
753 2637 947 2723 petulantius
964 2637 1021 2713 uti,

255 2745 319 2787 non
337 2724 434 2788 semel
452 2723 586 2788 ebrietas
604 2735 653 2789 est
670 2724 817 2788 simulata
833 2722 920 2786 mihi.

213 2809 337 2892 prodita
356 2819 443 2885 sunt,
461 2809 605 2886 memini,
623 2810 730 2874 tunica
747 2821 803 2872 tua
819 2819 947 2893 pectora
964 2808 1047 2887 laxa,

255 2905 349 2977 atque
367 2895 466 2958 oeulis
485 2894 605 2959 aditum
622 2895 710 2959 nuda
726 2895 842 2960 dedere
859 2893 948 2969 meis,

147 2999 194 3048 145
212 2990 341 3065 pectora
357 2981 408 3044 vel
425 2981 513 3065 puris
530 2979 672 3058 nivibus,
691 2981 742 3045 vel
759 2981 839 3045 lacte
858 2990 1008 3063 tuamque

255 3065 419 3150 complexo
437 3078 571 3131 matrem
589 3066 771 3131 candidiora
787 3065 874 3130 Iove.

213 3149 289 3214 dum
307 3162 419 3237 stupeo
438 3151 513 3216 visis
531 3187 575 3198 -
591 3175 665 3216 110111
682 3152 798 3237 pocula
815 3151 897 3215 forte
914 3150 1061 3215 tenebam
1077 3184 1122 3197 —

255 3236 367 3301 tortilis
385 3260 403 3302 e
421 3237 526 3322 digitis
544 3238 660 3302 excidit
677 3260 755 3302 01100
771 3237 859 3301 111010.

212 3322 320 3386 0001110
337 3323 365 3386 01
380 3333 474 3388 110100
492 3323 639 3399 dederas,
657 3345 718 3408 ego
735 3322 879 3407 protinus
896 3320 951 3385 illa

146 3429 194 3478 150
253 3407 443 3473 Hermiones
461 3419 568 3473 tenero
586 3409 687 3473 laetus
704 3408 746 3472 ab
764 3429 817 3473 ore
836 3407 904 3471 tuli.

211 3504 244 3558 et
260 3493 355 3558 modo
374 3494 541 3558 cantabam
558 3506 680 3558 veteres
698 3492 866 3578 resupinus
884 3513 1017 3568 amores,

253 3591 285 3643 et
301 3580 396 3642 modo
413 3601 470 3663 per
487 3592 600 3643 nutum
618 3578 709 3664 signa
727 3579 863 3663 tegenda
881 3577 1007 3641 dabam.

212 3675 244 3729 01
260 3665 411 3729 comitum
428 3664 560 3748 primas,
579 3661 756 3748 Clymenen
773 3663 1006 3746 Aethramque,
1024 3673 1153 3730 tuarum

253 3772 349 3814 ausus
368 3772 439 3814 sum
457 3749 581 3814 blandis
598 3773 700 3835 nuper
717 3749 805 3814 adire
823 3749 923 3814 sonisz

145 3853 192 3903 155
211 3856 293 3919 quae
311 3835 390 3899 mihi
406 3857 471 3898 non
489 3835 589 3912 aliud,
608 3856 704 3919 quam
722 3835 907 3910 formidare,
923 3835 1059 3909 locutae,

252 3921 370 3985 orantis
387 3920 507 3985 medias
526 3921 692 3986 deseruere
710 3943 829 4006 preces.

210 4005 243 4069 di
260 4005 415 4083 facerent,
433 4006 570 4091 pretium
588 4006 696 4092 magni
714 4005 892 4071 certaminis
910 4027 1006 4082 esses,

253 4101 347 4176 teque
365 4113 422 4156 suo
439 4103 546 4176 posset
564 4092 663 4157 victor
681 4092 798 4157 habere
815 4101 899 4156 toro:

210 4187 247 4240 ut
263 4177 335 4241 tulit
351 4176 570 4262 Hippomenes
589 4177 801 4253 Schoeneida,
819 4176 960 4262 praemia
977 4199 1099 4255 cursus,

144 4280 192 4329 100
251 4263 338 4327 venit
355 4275 390 4326 ut
407 4264 440 4327 in
457 4262 616 4348 Phrygios
634 4263 851 4348 Hippodamia
867 4262 964 4338 sinus,

209 4356 246 4410 ut
262 4348 348 4412 ferus
365 4348 496 4413 Alcides
513 4348 668 4413 Acheloia
685 4368 803 4412 cornua
819 4347 924 4433 fregit,

252 4435 328 4498 dum
345 4433 424 4519 petit
441 4434 620 4519 amplexus,
638 4432 806 4510 Deianira,
824 4443 906 4498 tuos.

210 4530 319 4589 uostra
334 4541 393 4609 per
409 4518 467 4587 has
485 4520 571 4609 leges
589 4518 722 4587 audacia
739 4518 861 4587 fortiter
877 4518 964 4599 isset,
