2604 4974
246 279 361 336 ARTIS
379 280 609 338 AMATORIAE
625 280 698 336 ΜΒ.
717 280 770 335 ΠΙ.
788 279 934 336 ote-em
1039 264 1099 330 191

123 403 295 469 sumendae
312 404 405 472 detur
422 426 495 469 oum
513 403 571 468 tibi
587 413 713 489 tempus
731 404 852 486 aquae?
1119 421 1169 472 tao

81 489 206 554 conscia
223 510 296 553 oum
312 490 412 575 possit
429 489 561 575 scriptas
578 500 705 574 portare
723 488 865 565 tabellas,

122 595 202 658 quas
219 585 308 660 tegat
324 574 358 639 in
374 575 482 661 tepido
499 575 598 641 fascia
614 577 679 640 lata
696 574 786 640 sinu?

79 682 152 726 oum
170 660 268 745 possit
286 682 359 725 sura
377 660 500 725 chartas
518 661 620 726 celare
637 661 751 747 ligatas

122 756 153 811 et
170 746 276 810 vincto
294 745 426 811 blandas
444 746 504 810 sub
521 747 604 832 pede
620 746 703 812 ferre
719 745 829 810 notas?

80 831 198 896 caverit
215 830 294 896 haee
311 842 432 896 custos:
450 853 507 917 pro
525 832 634 897 charta
651 831 777 897 conscia
793 843 918 917 tergum

122 917 273 1002 praebeat
288 916 385 999 inque
403 939 462 981 suo
478 939 609 1003 corpore
627 918 725 983 verba
741 917 831 981 ferat.

79 1014 148 1066 tuta
165 1024 291 1086 quoque
309 1015 357 1068 est
373 1003 517 1086 fallitque
536 1004 643 1068 oculos
662 1026 680 1069 e
697 1002 778 1067 lacte
795 1003 914 1068 recenti

121 1087 235 1152 littera.
280 1088 423 1152 carbonis
441 1089 572 1174 pulvere
590 1099 700 1175 tange:
718 1088 816 1173 leges.

78 1172 167 1237 fallet
184 1184 229 1251 et,
246 1173 381 1237 umiduli
398 1195 479 1257 quae
496 1173 551 1238 fiet
569 1175 713 1238 acumine
731 1172 796 1251 lini,

122 1270 154 1323 et
170 1257 251 1325 feret
268 1259 407 1324 occultas
424 1281 506 1344 pura
523 1259 639 1325 tabella
655 1270 756 1323 notas.

78 1343 180 1409 adfuit
197 1344 323 1409 Acrisio
342 1345 516 1411 servandae
533 1366 609 1409 cura
625 1345 764 1431 puellae:

120 1429 206 1494 huno
223 1440 329 1495 tamen
346 1430 400 1495 illa
418 1452 476 1496 suo
494 1430 623 1495 crimine
641 1431 717 1495 feeit
735 1453 839 1494 avum.

78 1515 156 1600 quid
174 1516 271 1581 faciat
288 1528 408 1592 custos,
426 1538 499 1581 cum
517 1516 580 1580 sint
596 1526 644 1580 tot
658 1516 692 1579 in
710 1515 789 1582 urbe
807 1515 938 1593 theatra,

122 1623 195 1666 cum
212 1613 334 1686 spectet
349 1602 473 1667 iunctos
490 1601 546 1665 illa
561 1602 696 1667 libenter
713 1621 823 1685 equos,

78 1708 152 1751 oum
169 1687 277 1753 sedeat
294 1687 431 1752 Phariae
449 1687 548 1752 sistris
565 1699 696 1774 operata
712 1687 875 1766 iuvencae,

120 1794 247 1856 quoque
264 1773 315 1837 sui
332 1773 462 1839 comites
479 1773 525 1839 ire
542 1784 698 1849 vetantur,
717 1785 778 1852 eat,

78 1880 151 1924 cum
168 1858 260 1944 fuget
277 1882 296 1922 a
312 1859 437 1944 templis
455 1861 563 1925 oculor
581 1861 673 1924 Bona
689 1857 778 1923 Diva
794 1859 933 1924 virorum

120 1942 354 2029 (praeterquam
373 1945 480 2029 siquos
498 1946 552 2010 illa
568 1945 676 2012 venire
693 1945 805 2031 iubet),

78 2051 165 2106 cum,
184 2030 315 2096 custode
332 2029 409 2095 foris
427 2031 550 2097 tunicas
567 2042 712 2097 servante
729 2031 864 2116 puellae,

119 2117 221 2181 celent
238 2115 372 2182 furtivos
390 2116 502 2183 balnea
519 2118 619 2182 multa
635 2117 731 2192 iocos,

77 2223 164 2278 cum,
182 2202 326 2286 quotiens
344 2224 423 2288 opus
441 2214 503 2280 est,
521 2203 619 2268 fallax
638 2213 779 2288 aegrotet
797 2203 898 2268 amica

121 2298 153 2353 et
170 2287 262 2353 cedat
277 2289 360 2354 lecto
378 2287 551 2372 quamlibet
569 2310 666 2374 aegra
683 2310 750 2365 suo,

77 2373 205 2438 nomine
223 2396 296 2438 oum
315 2374 441 2452 doceat,
460 2373 537 2458 quid
554 2397 702 2461 agamus,
721 2374 863 2441 adultera
881 2373 989 2453 clavis,

120 2480 263 2544 quasque
280 2471 384 2545 petes,
401 2482 465 2524 non
483 2459 537 2525 det
552 2460 649 2524 ianua
666 2461 747 2535 sola,
764 2460 852 2524 vias?

77 2545 196 2610 fallitur
213 2555 245 2610 et
260 2546 361 2610 multo
379 2545 518 2610 custodis
536 2567 612 2610 cura
629 2545 751 2629 Lyaeo,

118 2630 173 2694 illa
190 2631 241 2696 vel
259 2631 404 2716 Hispano
422 2632 503 2696 lecta
520 2631 560 2696 sit
577 2652 641 2695 uva
656 2632 744 2716 iugo.

77 2726 151 2780 sunt
169 2737 310 2800 quoque,
328 2737 409 2799 quae
427 2716 543 2781 faciant
560 2717 640 2780 altos
658 2715 870 2781 medicamina
887 2737 1013 2781 somnos

119 2801 265 2885 victaque
282 2801 427 2867 Lethaea
442 2802 562 2866 lumina
578 2812 670 2867 nocte
687 2811 842 2887 premant.

75 2909 135 2951 nec
153 2888 235 2952 male
253 2886 372 2952 deliciis
391 2887 534 2952 odiosum
552 2887 680 2953 conscia
696 2887 794 2952 tardis

120 2972 238 3038 detinet
255 2985 288 3038 et
303 2973 400 3058 longe
416 2973 557 3060 iungitur
573 2973 644 3059 ipsa
660 2994 758 3038 mora.

76 3057 153 3142 quid
170 3058 257 3123 iuvat
275 3058 425 3144 ambages
443 3071 675 3146 praeceptaque
691 3082 791 3146 parva
808 3081 946 3139 monere,

118 3165 192 3208 cum
209 3143 339 3209 minimo
357 3157 464 3210 custos
481 3168 610 3211 munere
628 3145 728 3232 possit
745 3145 827 3211 emi?

75 3252 222 3307 munera,
241 3230 333 3295 crede
350 3231 442 3307 mihi,
461 3231 590 3316 capiunt
607 3231 814 3315 hominesque
833 3231 987 3316 deosque:

117 3315 260 3402 placatur
277 3315 367 3380 donis
385 3316 529 3402 Iuppiter
546 3318 614 3402 ipse
633 3317 724 3383 datis.

75 3400 153 3486 quid
170 3401 295 3487 sapiens
312 3401 422 3479 faciet,
441 3404 556 3467 stultus
573 3424 670 3485 quom
688 3425 818 3468 munere
836 3403 973 3488 gaudet?
1115 3424 1164 3473 655

117 3487 185 3573 ipse
203 3508 329 3571 quoque
347 3500 476 3572 accepto
494 3509 625 3553 munere
643 3500 750 3552 mutus
769 3489 836 3553 erit.

76 3574 133 3640 sed
150 3574 247 3638 semel
265 3584 313 3638 est
330 3583 436 3638 custos
453 3574 585 3659 longum
602 3573 805 3639 redimendus
823 3574 856 3638 in
874 3597 1001 3639 aevum:

119 3681 213 3743 saepe
231 3657 332 3735 dabit,
351 3658 471 3723 dederit
488 3680 567 3744 quas
584 3660 696 3736 semel,
714 3660 766 3724 ille
784 3682 906 3724 manus.
928 3694 972 3707 -

76 3756 207 3829 questus
226 3766 327 3821 eram,
345 3743 488 3823 memini,
506 3745 692 3810 metuendos
710 3767 780 3810 esse
797 3743 935 3810 sodales:

118 3851 183 3894 non
201 3829 302 3916 tangit
320 3829 404 3894 solos
420 3830 481 3895 ista
499 3830 638 3914 querella
655 3831 749 3895 viros.

78 3915 206 3980 credula
223 3916 249 3980 si
267 3915 380 3991 fueris,
399 3915 478 3980 aliae
495 3926 551 3980 tua
567 3915 686 4002 gaudia
704 3926 843 4001 carpent,

120 4012 152 4066 et
168 4002 259 4085 lepus
276 4000 329 4065 bio
345 4001 414 4064 aliis
432 4001 609 4086 exagitatus
628 4001 696 4066 erit.

77 4084 157 4153 baec
174 4107 311 4173 quoque,
329 4108 410 4171 quae
428 4087 557 4174 praebet
576 4087 698 4152 lectum
712 4086 863 4153 studiosa.
869 4084 1073 4164 locumque,
