2604 4974
222 822 265 894 52
561 842 595 899 r.
614 841 905 902 ovm1nrscn1s

264 960 399 1032 findere:
410 978 497 1080 quas
515 966 632 1044 habeo,
651 967 684 1031 di
701 978 850 1033 tueantur
868 990 954 1053 opes.

121 1114 126 1134 ‹.
221 1074 281 1117 nec
298 1052 393 1118 venio
411 1053 527 1119 ιιιιιιι
544 1053 643 1118 veluti
654 1063 819 1154 spectator
836 1054 878 1118 ad
895 1055 1004 1118 urbes:

265 1138 382 1224 oppida
399 1150 474 1204 sunt
490 1162 593 1240 regin
571 1138 746 1204 divitiora
762 1139 835 1204 mei.

171 1241 203 1292 55
221 1232 252 1287 te
270 1236 355 1309 peto,
372 1246 470 1308 quam
486 1224 609 1326 pepigit
625 1225 708 1290 lecto
725 1224 837 1290 Venus
855 1247 952 1290 aurea
968 1237 1091 1304 nostro;

264 1320 295 1375 te
312 1310 400 1395 prius
419 1322 473 1411 opt
475 1311 540 1388 avi,
560 1332 656 1394 quam
674 1310 824 1376 mihit
768 1322 824 1376 not
825 1334 845 1374 5
861 1311 955 1376 fores.

222 1405 295 1461 ante
313 1409 385 1460 tuos
404 1397 508 1460 animo
526 1396 606 1474 vidi,
625 1417 722 1480 quam
738 1397 874 1472 lumine,
891 1398 958 1461 volt
945 1407 1010 1461 trus

262 1481 365 1566 prima
381 1482 443 1546 fuit
459 1482 565 1547 voltus
582 1483 694 1547 nuntia
710 1482 871 1548 famatui.

221 1567 314 1632 crede
332 1568 388 1633 sed
406 1566 467 1633 hoc
483 1568 589 1633 nobis·
608 1568 711 1632 minor
728 1579 776 1634 est
793 1579 849 1633 tua
865 1568 968 1655 gloria
985 1590 1070 1644 vero,

169 1674 203 1723 40
263 1653 412 1754 famaque
430 1653 470 1720 de
488 1653 591 1718 forma
607 1677 709 1740 paene
726 1654 945 1755 malignat
884 1653 955 1719 fuit.

220 1738 292 1825 plus
310 1738 388 1804 hic
379 1740 516 1817 mvenio,
535 1761 632 1824 quam
650 1741 737 1824 quod
753 1740 942 1827 promiserat
957 1741 1023 1818 ι115,

263 1836 295 1890 et
312 1836 368 1890 tua
384 1836 450 1890 mat
451 1826 516 1893 eria
533 1827 635 1927 gloria
652 1827 736 1891 victa
753 1849 812 1890 sua
830 1836 886 1891 est.

220 1932 296 1997 ergo
314 1911 391 1976 arsit
406 1912 519 1977 merito
525 1912 608 1995 ,qui
625 1923 757 1977 noverat
774 1911 894 1988 omnia,
913 1911 1068 1989 Theseae,

263 1997 382 2062 tvnc
399 2020 433 2063 es
450 2009 539 2062 tanto
558 1999 656 2083 digna
672 1998 784 2083 rapina
801 1999 879 2074 viro,

168 2102 201 2152 45
219 2104 306 2148 more
324 2094 399 2149 tuae
416 2084 521 2170 gentis
538 2098 585 2148 ιιιι
562 2084 639 2148 tida
656 2085 734 2149 dum
751 2084 838 2148 nuda
849 2083 1014 2184 palaestra

261 2169 394 2234 ludist
363 2180 394 2234 et
405 2193 446 2270 'es
463 2170 557 2235 nudis
575 2170 694 2235 femina
710 2172 810 2234 mixta
827 2170 913 2234 viris.

219 2255 306 2339 quod
323 2255 443 2341 rapuit
416 2256 571 2320 trlaudo
589 2257 696 2333 miror,
714 2256 800 2339 quod
817 2256 954 2321 reddidit
970 2279 1139 2342 umquam:

261 2352 327 2406 tam
343 2342 428 2406 bona
446 2353 591 2408 constant
592 2364 626 2406 er
642 2343 792 2442 praedat
779 2342 915 2406 tenenda
931 2341 993 2407 fuit
998 2342 1006 2407 l

219 2438 292 2492 ante
309 2428 489 2493 recessisset
508 2438 604 2513 caput
591 2427 682 2492 thoo
699 2427 821 2493 cervice
839 2438 979 2529 cruenta,

168 2533 201 2582 50
260 2534 358 2596 quam
376 2524 411 2578 tu
376 2514 469 2579 tde
486 2513 634 2578 thalamis
652 2514 870 2579 abstraherere
887 2514 976 2579 meis.

219 2610 291 2664 tene
308 2622 421 2664 manus
439 2621 592 2683 umquam
609 2611 736 2665 nostrae
754 2599 910 2665 dimittere
927 2599 1064 2665 vellent?

261 2697 333 2752 tene
350 2707 421 2750 meo
439 2697 565 2770 paterer
582 2686 674 2751 vivus
692 2686 780 2751 abire
798 2685 887 2750 sinu?

219 2771 246 2835 si
263 2771 425 2836 reddenda
442 2772 541 2847 fores,
560 2772 710 2854 aliquidt
711 2795 803 2837 amen
822 2782 895 2836 555
912 2771 1066 2850 tulissem,

259 2879 320 2922 nec
336 2857 448 2923 Venus
467 2880 507 2923 ex
524 2869 589 2922 too
606 2871 714 2922 nostra
731 2857 870 2922 fuisset
860 2879 954 2920 mers.

167 2965 199 3012 55
218 2943 269 3007 vel
286 2942 364 3007 mihi
381 2944 545 3030 virginitas
563 2955 647 3009 esset
634 2944 777 3021 tlibata,
796 2944 847 3008 vel
864 2942 953 3019 illud,

261 3029 347 3112 quod
368 3040 491 3115 poterat
479 3029 645 3094 tsalva
591 3030 764 3131 vnginita
765 3028 892 3115 terapi.

218 3114 260 3178 da
277 3115 402 3179 modot
389 3125 430 3180 te.
474 3137 556 3200 quae
575 3116 614 3181 sit
602 3115 741 3181 tParidi
760 3115 950 3192 constantia,
968 3101 1095 3180 nosces:

259 3200 387 3267 flamma
376 3223 492 3303 ..rogr
463 3201 635 3267 flammas
651 3202 741 3266 finiet
758 3225 823 3266 una
840 3223 937 3302 meas.

217 3287 387 3387 praeposui
403 3288 510 3373 regnis
528 3310 589 3388 ego
606 3298 652 3364 t,e
671 3309 753 3371 quae
770 3287 910 3352 maxima
926 3285 1088 3369 quondam

167 3393 200 3443 60
259 3372 399 3458 pollicita
416 3385 465 3439 est
481 3373 572 3438 nobis
589 3384 691 3458 nupta
708 3394 859 3456 sororque
876 3372 972 3448 Iovis,
1026 3380 1033 3385 '

218 3457 388 3541 dumquet
388 3481 430 3524 uo
447 3481 574 3560 possem
592 3459 786 3524 circumdare
805 3457 953 3523 bracchia
970 3458 1062 3536 collo,

260 3556 421 3645 contempt
422 3569 441 3610 a
459 3556 507 3609 est
524 3545 638 3621 virtus,
655 3544 789 3609 Pallade
807 3544 902 3609 dante
919 3543 1006 3607 mihi.

217 3650 276 3694 nec
293 3630 395 3716 piget,
414 3642 470 3695 ιιι
486 3642 685 3714 umquamst
656 3631 750 3695 stulte
768 3630 883 3715 legisse
901 3629 1046 3695 videbor:

259 3727 424 3800 permanet
441 3717 474 3779 in
491 3727 566 3785 voto
582 3739 672 3781 mens
688 3739 761 3781 mea
777 3715 869 3780 firma
886 3737 954 3780 suo.

167 3823 198 3871 65
217 3824 306 3886 spem
323 3802 418 3866 modo
436 3824 476 3866 ne
493 3813 634 3866 nostram
652 3802 720 3867 fieri
737 3802 857 3887 patiare
875 3802 1039 3879 caducam,

260 3887 421 3972 deprecor,
439 3909 459 3988 p
477 3899 565 3952 tanto
582 3888 680 3973 digna
697 3889 805 3953 labore
822 3900 875 3972 pet
863 3887 901 3951 til

217 3994 281 4037 non
299 3995 359 4059 ego
377 3973 560 4059 coniugium
577 3996 749 4075 generosae
768 3974 906 4060 degener
922 3983 1012 4074 opto:

259 4081 318 4123 nec
336 4082 421 4137 mea,
440 4060 532 4125 crede
548 4060 673 4137 mihi‚t
660 4061 793 4146 turpiter
810 4081 890 4124 uxor
907 4060 978 4122 eris.

216 4143 345 4222 Pliada,
364 4145 391 4209 si
408 4166 555 4228 quaeres,
573 4145 606 4210 in
623 4157 731 4211 nostra
748 4158 844 4232 gente
861 4144 1037 4228 Iovemque

166 4254 198 4302 ιο
258 4231 416 4309 invenies,
434 4232 608 4296 mediosut
596 4243 787 4297 ttaceanius
806 4252 892 4294 avos.

216 4337 267 4381 sce
291 4328 339 4382 tra
356 4340 471 4418 parens
488 4317 602 4394 Asiae,
620 4338 684 4401 qua
700 4316 788 4381 nulla
805 4315 888 4382 beat
866 4327 927 4381 nor
943 4337 999 4380 ora
1016 4327 1076 4391 est,

280 4402 400 4468 nibus
391 4404 542 4469 mmensis
560 4403 614 4467 vix
631 4402 779 4467 obeunda
795 4412 891 4467 tenet.

214 4488 397 4554 innumeras
414 4489 560 4554 urbest
527 4513 546 4554 a
547 4499 623 4572 tque
640 4510 737 4553 aurea
754 4499 839 4552 tecta
855 4487 989 4565 videbis,

254 4595 403 4658 quaeque
421 4596 496 4640 suos
514 4574 601 4640 dicas
618 4575 737 4660 templa
755 4573 866 4640 decere
884 4574 971 4639 deos.

17 4676 27 4763 Γ·
141 4676 179 4729 75
192 4656 285 4729 Ilion
303 4659 470 4817 adspicies
487 4661 680 4756 firmataque
695 4659 836 4735 turribus
850 4658 923 4733 altis
