2604 4974
212 778 254 842 3ss
552 791 586 847 P.
605 790 715 848 0v11>1
732 788 895 847 NASONIS

254 915 333 981 haec
351 926 424 981 sunt
441 915 553 981 officiis
571 916 668 1002 digna
685 915 854 1000 sepulchra
871 915 969 980 meis?

144 1020 193 1070 125
210 1000 271 1065 ibis
290 998 463 1088 Cecropios
481 1012 606 1087 portus,
623 1001 789 1087 patriaque
806 1012 952 1086 receptus

254 1109 327 1151 cum
344 1087 467 1153 steteris
485 1087 596 1152 turbae
614 1088 716 1152 celsus
733 1088 768 1150 in
785 1109 839 1152 ore
856 1098 930 1153 tuse

96 1251 100 1257 ⁶
211 1184 243 1237 et
260 1173 342 1238 bene
358 1172 495 1238 narraris
513 1173 613 1238 letum
630 1172 775 1256 taurique
791 1172 914 1255 virique

254 1269 403 1342 sectaque
420 1281 478 1344 per
495 1258 609 1323 dubias
627 1280 723 1324 saxea
740 1268 824 1324 tecta
841 1259 919 1336 vias,

178 1395 180 1399 .
211 1367 262 1410 me
280 1365 407 1427 quoque
425 1355 551 1409 narrato
569 1345 637 1409 sola
652 1344 687 1408 in
704 1345 816 1409 tellure
833 1345 989 1409 relictam:

144 1448 194 1498 130
253 1452 318 1493 non
335 1452 396 1514 ego
414 1453 486 1494 sum
503 1431 601 1494 titulis
619 1429 825 1515 subripienda
840 1430 913 1494 tuis.

211 1538 270 1580 nec
286 1526 377 1600 pater
394 1527 442 1580 est
459 1517 606 1601 Aegeus,
623 1538 684 1581 nec
700 1527 736 1581 tu
752 1515 931 1580 Pittheidos
950 1516 1091 1581 Aethrae

254 1601 351 1665 filius:
370 1612 513 1666 auctores
530 1624 609 1665 saxa
625 1601 805 1685 fretumque
824 1601 879 1666 tui.

213 1686 245 1750 di
262 1686 416 1764 facerent,
433 1698 470 1751 ut
487 1709 538 1753 me
555 1709 680 1752 summa
698 1687 739 1753 de
755 1710 863 1773 puppe
881 1687 1018 1753 videres:

253 1773 406 1837 movisset
422 1773 526 1837 vultus
544 1784 666 1837 maesta
682 1773 786 1859 figura
803 1786 885 1837 tuos.

145 1875 194 1924 105
211 1880 297 1922 nunc
314 1878 441 1942 quoque
458 1880 524 1923 non
540 1858 654 1936 oculis,
673 1859 730 1923 sed
747 1880 811 1942 qua
828 1871 932 1943 potes,
952 1859 1058 1945 aspice
1076 1870 1182 1925 mente

254 1943 437 2008 haerentem
454 1966 508 2009 sco
531 1945 598 2021 ulo,
616 1964 712 2027 quem
730 1967 813 2030 vaga
830 1945 934 2028 pulsat
952 1966 1049 2028 aqua3

212 2029 318 2114 aspice
336 2029 489 2094 demissos
506 1967 645 2114 lbgentis
662 2052 750 2094 more
768 2030 897 2114 capillos

255 2125 285 2180 et
303 2115 427 2179 tunicas
444 2115 580 2179 lacrimis
598 2116 681 2180 sicut
697 2116 738 2180 ab
756 2115 856 2180 imbre
873 2113 994 2201 gravisi

213 2223 327 2286 corpus
345 2211 381 2264 ut
398 2200 543 2287 inpulsae
561 2214 684 2286 segetes
702 2201 903 2284 aquilonibus
920 2201 1036 2279 horret,

145 2304 195 2354 140
254 2286 421 2370 litteraque
439 2287 571 2352 articulo
588 2309 698 2372 pressa
714 2296 866 2350 tremente
884 2287 980 2351 labat.
1268 2352 1271 2357 ,

212 2395 276 2437 non
294 2381 325 2437 te
343 2395 400 2458 per
416 2371 564 2437 meritum
580 2372 789 2456 -quoniam
807 2372 889 2437 male
907 2374 1002 2437 cessit
1019 2410 1062 2420 -
1080 2375 1192 2439 adoro:

256 2457 363 2523 debite
379 2457 420 2523 sit
437 2458 521 2522 facto
540 2457 643 2541 gratia
659 2458 747 2522 nulla
764 2479 849 2521 meo:

213 2544 270 2609 sed
285 2565 345 2609 nec
361 2565 465 2629 poena
482 2542 620 2627 quidem.
665 2544 691 2607 si
708 2565 773 2606 non
790 2565 850 2628 ego
868 2565 965 2608 causa
984 2545 1104 2621 solutis,

254 2651 319 2694 non
336 2640 443 2694 tamen
460 2640 522 2704 est,
541 2650 598 2693 cur
615 2628 657 2692 sis
675 2641 710 2693 tu
728 2629 805 2693 mihi
822 2650 919 2693 causa
935 2631 1032 2694 necis.

145 2730 195 2780 145
212 2714 270 2780 has
287 2714 345 2780 tibi
361 2716 436 2800 plan
460 2715 542 2779 endo
559 2713 708 2799 lugubria
724 2725 854 2799 pectora
869 2714 969 2780 laesas

254 2801 366 2866 infelix
383 2736 479 2865 temglo
497 2811 583 2864 110110
601 2799 684 2864 freta
699 2801 797 2886 longa
813 2823 941 2865 manus:

212 2886 270 2950 hos
288 2886 360 2963 tibi,
379 2885 434 2969 qui
451 2896 616 2971 superant,
630 2886 765 2950 ‘ostendo
783 2897 904 2950 maesta
921 2885 1066 2972 capillos:

255 2994 312 3056 per
329 2972 474 3036 lacrimas
493 2992 563 3048 oro,
581 2992 661 3054 quas
678 2981 735 3035 tua
751 2971 837 3037 facta
854 2983 998 3037 movent:

140 3113 143 3119 .
212 3058 304 3122 flecte
321 3068 437 3134 ratem,
455 3056 597 3134 Theseu,
616 3078 771 3140 versoque
788 3057 931 3122 relabere
948 3069 1057 3124 vento:

146 3159 195 3208 150
255 3143 282 3208 si
299 3143 386 3229 prius
404 3142 563 3220 occidero,
581 3153 616 3206 tu
635 3154 739 3208 tamen
758 3164 830 3207 ossa
846 3143 940 3208 seres.

693 3296 757 3361 XI.

213 3399 315 3482 Siqua
332 3411 438 3464 tamen
456 3399 557 3465 caecis
576 3400 716 3466 enabunt
734 3401 851 3485 scripta
868 3400 980 3478 lituris,
1121 3418 1225 3472 Canace

163 3514 166 3519 ’
255 3485 372 3550 oblitus
389 3508 427 3550 ec
445 3486 591 3550 dominae
609 3487 706 3550 caede
723 3486 849 3550 libellus
867 3487 939 3550 erit:
1098 3488 1231 3542 Macareo.

213 3571 325 3636 dextre
343 3582 428 3636 tenet
446 3573 617 3645 calamum,
637 3571 780 3635 strictum
798 3583 884 3636 tenet
901 3573 1000 3638 altera
1017 3572 1146 3652 sermm,

256 3670 287 3722 et
303 3657 385 3721 iacet
402 3657 435 3720 in
452 3657 573 3741 gremio
592 3657 701 3720 charta
718 3657 821 3720 soluta
838 3678 919 3721 meo.

179 3761 194 3808 5
213 3743 292 3807 haec
310 3753 357 3808 est
375 3742 527 3807 Aeolidos
545 3741 634 3805 fratri
652 3742 816 3807 scribentis
834 3742 951 3828 imago,

256 3829 301 3893 sic
318 3828 428 3892 videor
445 3827 525 3891 duro
541 3849 634 3912 posse
652 3827 777 3913 placere
794 3828 885 3914 patri.

212 3914 280 3998 ipse
296 3913 383 3978 necis
402 3935 550 3997 cuperem
567 3924 693 3978 nostrae
711 3926 870 3999 spectator
886 3915 1020 3992 adesset,

256 3999 455 4081 auctorisque
474 3999 573 4063 oculis
591 3999 771 4084 exigeretur
788 4022 878 4085 opus.

212 4096 250 4151 ut
266 4086 352 4149 ferus
371 4099 418 4148 est
435 4085 598 4167 multoque
616 4085 681 4148 suis
698 4085 905 4150 truculentior
922 4085 1016 4164 euris,
1089 4110 1094 4116 ·

163 4189 195 4237 10
256 4180 428 4254 spectasset
446 4170 536 4234 siccis
553 4171 686 4234 vulnera
702 4183 810 4236 nostra
826 4173 926 4256 genis.

214 4255 332 4320 scilicet
349 4267 397 4318 est
414 4254 547 4338 aliquid,
566 4278 638 4320 cum
657 4257 759 4321 saevis
777 4257 884 4321 111010
902 4257 1020 4322 ventis:

256 4342 287 4404 in
313 4341 382 4405 enio
400 4340 509 4426 populi
528 4343 675 4405 convenit
692 4343 745 4406 ille
763 4342 822 4405 sui.

213 4427 265 4491 ille
315 4437 367 4490 oto
387 4425 598 4511 Zephyroque
616 4438 648 4491 et
666 4426 810 4493 Sithonio
828 4427 982 4510 Aquiloni

255 4513 390 4596 imperat
407 4522 439 4577 et
454 4512 574 4597 pinnis,
591 4512 679 4576 Eure
696 4523 857 4597 proterve,
875 4513 948 4578 tuis.

85 4616 88 4621 '
158 4619 193 4666 re
208 4598 347 4683 imperat
364 4595 472 4683 (beul)
490 4598 606 4664 ventis:
625 4598 765 4665 tumidae
782 4620 847 4664 non
864 4599 998 4687 imperat
1014 4599 1097 4678 iree;
1130 4645 1134 4651 -
