2604 4974
142 717 184 784 40
477 736 510 790 P.
530 736 639 794 OVIDI
657 734 820 793 NASONIS

182 869 218 924 ut
235 858 361 925 caderet
379 861 465 924 cultu
485 861 587 924 cultor
603 860 645 924 ab
662 859 731 945 ipse
749 859 821 924 suo!

140 957 295 1027 quantum
313 945 462 1030 perfidiae
481 956 596 1023 tecum,
615 947 780 1022 scelerate,
798 946 940 1030 perisset,

90 1047 123 1098 20
183 1030 311 1117 dempta
327 1031 432 1095 forent
450 1031 546 1116 capiti
562 1052 660 1114 quam
677 1030 762 1095 mala
779 1032 879 1095 multa
897 1032 982 1096 meol

141 1125 188 1179 est
206 1117 313 1199 aliqua
329 1117 454 1201 ingrato
472 1117 618 1181 meritum
636 1118 827 1202 exprobrare
846 1118 1006 1202 voluptas:

182 1200 243 1265 hac
260 1202 363 1279 fruar,
382 1202 461 1266 haec
479 1203 519 1266 de
537 1216 568 1267 te
586 1203 705 1288 gaudia
723 1203 790 1266 sola
807 1203 917 1267 feram.

139 1286 243 1351 iussus
261 1287 458 1373 inexpertam
476 1286 615 1352 Colchos
634 1289 798 1353 advertere
815 1289 948 1375 puppim

181 1373 305 1437 intrasti
321 1373 442 1458 patriae
461 1396 560 1458 regna
577 1373 671 1438 beata
687 1396 788 1438 meae.

88 1477 120 1525 25
139 1455 199 1522 hoc
215 1459 279 1522 illic
297 1459 415 1523 Medea
432 1459 493 1533 fui,
512 1481 595 1522 nova
611 1470 711 1543 nupta
729 1460 815 1542 quod
832 1459 884 1523 hic
902 1471 964 1523 est:

181 1566 276 1627 quam
294 1556 384 1629 pater
402 1556 450 1609 est
467 1544 511 1608 illi
517 1593 526 1622 ‚
545 1556 611 1609 tam
627 1545 706 1608 mihi
724 1545 812 1610 dives
831 1557 907 1609 erat.

136 1628 190 1693 hic
207 1629 361 1715 Ephyren
378 1630 544 1706 bimarem,
563 1629 696 1715 Scythia
713 1641 805 1695 tenus
822 1631 874 1694 ille
891 1630 1003 1695 nivosa

181 1737 273 1779 omne
291 1726 390 1792 tenet,
408 1716 505 1781 Ponti
523 1736 588 1799 qua
604 1717 701 1802 plaga
717 1717 809 1780 laeva
825 1716 917 1781 iacet.

138 1800 253 1886 accipit
269 1801 405 1887 hospitio
424 1802 556 1867 iuvenes
573 1802 678 1867 Aeeta
694 1802 858 1887 Pelasgos,

88 1905 120 1954 30
181 1900 213 1951 et
229 1887 371 1973 premitis
388 1889 489 1972 pictos
508 1909 642 1972 corpora
660 1887 761 1953 Graia
778 1899 873 1952 toros.

138 1983 213 2036 tunc
231 1995 291 2058 ego
309 1984 341 2037 te
358 1973 438 2050 vidi;
456 1984 532 2038 tunc
550 1974 640 2059 coepi
658 1974 751 2050 scire,
770 1973 841 2056 quis
859 1995 953 2038 esses.

179 2058 234 2122 illa
250 2058 312 2122 fuit
327 2060 442 2124 mentis
460 2058 562 2144 prima
579 2060 672 2123 ruina
688 2080 788 2123 meae.

138 2155 171 2208 et
187 2144 253 2208 vidi
270 2155 302 2209 et
318 2144 408 2230 perii.
451 2167 511 2210 nec
528 2145 611 2208 notis
629 2144 757 2230 ignibus
775 2145 848 2221 arsi,

180 2230 269 2294 ardet
287 2241 322 2294 ut
340 2231 381 2295 ad
399 2253 532 2316 magnos
550 2230 644 2315 pinea
662 2230 756 2294 taeda
775 2230 861 2295 deos.

87 2333 119 2382 85
138 2325 168 2380 et
186 2315 344 2380 formosus
363 2339 447 2393 eras,
466 2328 497 2381 et
514 2338 565 2381 me
582 2339 654 2381 mea
671 2315 739 2380 fata
756 2315 937 2380 trahebant:

180 2400 376 2467 abstulerant
394 2403 478 2466 oculi
494 2401 615 2465 lumina
631 2413 740 2466 nostra
758 2400 813 2465 tui.

137 2487 271 2573 perfide,
291 2488 425 2553 sensisti.
468 2487 540 2571 quis
558 2489 642 2552 enim
661 2488 742 2552 bene
760 2488 842 2551 celat
859 2486 1018 2552 amorem?

180 2574 297 2638 eminet
313 2574 429 2639 indicio
447 2573 573 2658 prodita
589 2574 718 2637 flamma
736 2595 803 2637 suo.

138 2658 251 2724 dicitur
268 2660 389 2724 interea
406 2660 464 2724 tihi
481 2658 549 2735 lex,
568 2670 604 2723 ut
621 2659 701 2724 dura
717 2659 858 2724 ferorum

85 2763 119 2810 4ο
178 2745 305 2810 insolito
322 2767 481 2831 premeres
499 2766 627 2810 vomere
645 2745 726 2809 colla
742 2745 850 2808 boum.

136 2831 251 2896 Martis
270 2842 359 2896 erant
376 2831 459 2895 tauri
475 2829 547 2916 plus
565 2852 661 2915 quam
679 2854 737 2918 per
753 2852 872 2895 cornua
891 2829 988 2906 saevi,

179 2939 316 3000 quorum
333 2917 481 2983 terribilis
499 2916 627 3003 spiritus
644 2917 727 3003 ignis
746 2927 827 2981 erat:

137 3026 209 3069 aere
226 3003 323 3089 pedes
341 3003 447 3079 solidi,
465 3013 691 3088 praetentaque
708 3003 838 3066 naribus
856 3024 939 3076 aera,

178 3089 271 3174 nigra
287 3112 345 3175 per
362 3089 497 3153 adflatus
515 3089 595 3153 haec
612 3110 739 3172 quoque
756 3088 842 3152 facta
860 3109 943 3151 suos.

85 3191 117 3240 45
136 3175 258 3240 semina
274 3186 437 3260 praeterea
453 3175 588 3261 populos
605 3174 752 3260 genitura
768 3172 887 3237 iuberis

179 3283 328 3347 spargere
346 3261 461 3326 devota
478 3260 543 3324 lata
559 3282 617 3344 per
634 3282 710 3323 arva
727 3281 834 3335 manu,

136 3346 192 3429 qui
208 3358 352 3432 peterent
369 3347 451 3411 natis
470 3368 577 3411 secum
596 3356 652 3409 tua
669 3366 802 3431 corpora
819 3343 905 3407 telis:

178 3431 232 3496 illa
249 3443 298 3496 est
315 3433 472 3516 agricolae
489 3432 601 3495 messis
618 3430 727 3513 iniqua
744 3451 812 3494 suo.

134 3517 255 3582 lumina
273 3517 413 3582 custodis
431 3516 639 3580 succumbere
656 3515 763 3580 nescia
780 3535 891 3579 somno

85 3621 118 3670 50
179 3603 309 3667 ultimus
328 3615 376 3668 est
393 3602 500 3686 aliqua
518 3601 664 3684 decipere
682 3612 749 3665 arte
766 3600 865 3664 labor.
883 3635 927 3644 —

136 3688 259 3753 dixerat
275 3688 404 3753 Aeetes.
448 3687 559 3752 maesti
577 3686 766 3771 consurgitis
784 3707 904 3762 omnes,

177 3796 351 3857 mensaque
369 3794 546 3860 purpureos
564 3772 680 3836 deserit
698 3773 762 3836 alta
778 3782 873 3836 toros.

136 3880 233 3943 quam
250 3860 309 3925 tihi
326 3871 402 3925 tunc
418 3860 514 3943 longe
531 3878 665 3943 regnum
683 3858 788 3922 dotale
807 3855 948 3922 Creusae

178 3956 211 4010 et
228 3967 318 4011 socer
335 3957 366 4010 et
383 3946 491 4029 magni
509 3956 584 4008 nata
603 3941 749 4008 Creontis
768 3943 852 4008 erat?

84 4029 231 4099 astrictis
249 4030 328 4095 abis.
372 4030 471 4095 oculis
490 4031 660 4094 abeuntem
677 4046 852 4115 prosequor
868 4027 950 4104 udis,

178 4128 210 4180 et
226 4116 306 4181 dixit
322 4116 409 4182 tenui
427 4138 588 4180 murmure
605 4114 715 4200 lingna
733 4114 848 4179 ‘valel’

134 4211 171 4267 ut
187 4202 325 4287 positum
342 4202 432 4288 tetigi
449 4202 588 4266 thalamo
606 4201 689 4265 male
707 4200 815 4265 saucia
830 4200 959 4275 lectum,

177 4298 249 4353 acta
267 4298 315 4353 est
330 4311 388 4374 per
405 4288 551 4352 lacrimas
568 4308 633 4350 nox
649 4286 742 4362 mihi,
761 4296 880 4368 quanta
897 4284 968 4348 fnit.

75 4406 80 4415 ·
134 4384 209 4439 ante
225 4374 333 4439 oculos
350 4373 496 4457 taurique
512 4392 600 4438 meos
619 4382 805 4457 segetesque
822 4369 989 4446 nefandae,

77 4478 119 4535 oo
144 4528 147 4533 ,
177 4470 251 4525 ante
266 4481 356 4525 meos
373 4459 481 4525 oculos
498 4457 632 4545 pervigil
650 4457 764 4542 anguis
781 4465 859 4521 erat.

77 4544 120 4623 {a
133 4542 211 4621 him
226 4562 327 4625 umor,
343 4544 418 4613 hinc
434 4544 529 4611 timor
545 4555 603 4610 est.
637 4543 744 4629 ipsum
760 4538 855 4608 timor
871 4551 969 4628 auget
986 4562 1137 4606 amorem.
