2604 4974
226 320 342 379 Anne
358 318 588 378 Ansnon'nn
604 321 677 377 nm.
695 320 747 376 111.
767 317 910 379 752-812.
1021 304 1083 374 195

104 469 164 513 nee
182 457 306 512 taceant
323 445 435 511 mediis
453 446 597 532 improba
615 446 712 511 verba
727 444 815 509 ineis.

61 544 97 597 tu
116 553 257 617 quoque,
275 531 327 596 eui
344 531 478 597 Veneris
496 554 623 596 sensum
642 543 755 595 natura
771 529 910 615 negavit,

105 617 211 682 dulcia
228 616 373 682 mendaci
413 617 507 682 audin
524 617 609 702 finge
626 638 713 681 sono.

61 702 188 780 infelix,
206 703 258 768 eui
275 713 379 786 torpet
390 639 493 768 inebes
510 703 599 767 locus
616 703 684 778 ille,
701 702 808 786 puella
825 712 883 778 est,

106 808 169 872 quo
187 789 303 874 pariter
321 787 437 852 debent
454 787 572 853 femina
589 787 699 871 virque
717 787 790 850 frui.

62 884 200 949 tantum,
220 895 292 938 eum
309 873 426 959 finges,
443 896 484 939 ne
502 874 544 938 sis
562 873 743 948 manifesta,
761 883 886 938 caveto:

106 959 198 1025 effice
215 982 272 1044 per
288 971 410 1022 motum
427 958 610 1043 luminaque
626 958 696 1044 ipsa
713 958 818 1023 fidem.

63 1046 151 1129 quod
167 1045 269 1121 iuvet,
288 1057 320 1110 et
337 1066 431 1109 voees
449 1057 481 1110 et
498 1045 655 1111 anhelitus
674 1055 787 1129 arguat
804 1043 876 1108 oris.

106 1153 141 1207 a,
159 1129 272 1215 pudeti
290 1152 421 1195 arcanas
438 1153 511 1216 pars
529 1130 625 1195 habet
642 1130 703 1194 ista
719 1141 819 1194 notas.

63 1216 182 1302 gaudia
198 1226 270 1301 post
287 1215 421 1281 Veneris
439 1238 522 1300 quae
562 1227 647 1281 oscet
665 1237 779 1280 munus
798 1224 967 1293 amantem,
1072 1239 1074 1243 ’
1101 1235 1150 1286 805

106 1302 161 1366 illa
177 1323 251 1366 suas
268 1301 347 1365 nolit
387 1301 488 1366 ondus
505 1239 622 1367 heiiere
640 1322 759 1386 preces.

63 1408 124 1452 nee
141 1387 245 1453 lucem
261 1387 296 1450 in
312 1322 468 1451 thaiamos
486 1387 558 1452 totis
576 1387 707 1453 admitte
724 1385 879 1452 fenestris.

107 1472 211 1558 aptius
228 1471 262 1537 in
279 1483 384 1537 vestro
401 1493 531 1558 eorpore
549 1472 648 1537 multa
664 1473 772 1537 latent.
790 1508 832 1518 -

65 1558 154 1623 lusus
172 1557 267 1622 habet
283 1557 389 1622 finem.
433 1559 545 1644 cygnis
563 1558 752 1623 descendere
770 1568 906 1643 tempus,

108 1644 266 1708 duxerunt
283 1643 363 1707 collo
381 1643 435 1726 qui
452 1645 529 1729 iuga
545 1655 654 1709 nostra
671 1664 738 1707 sno.
1102 1662 1152 1714 810

65 1739 101 1794 ut
118 1729 278 1812 quondam
294 1728 439 1806 iuvenes,
456 1729 503 1793 its
518 1751 618 1806 nune,
636 1751 708 1793 mea
724 1728 832 1807 turba,
849 1728 973 1815 puellae

107 1814 280 1880 inscribant
297 1814 404 1898 spoliis
423 1814 524 1880 ‘Naso
541 1815 693 1900 magister
709 1813 796 1879 erat?
