2604 4974
275 687 317 756 00
367 762 373 779 ,
599 702 632 761 1.
651 702 939 764 0110111001Ιο

315 840 347 893 01
363 828 522 892 madidam
541 829 640 894 siccas
658 831 802 913 aequoris
819 829 919 893 imbre
938 851 1069 893 comam.

207 933 255 982 105
273 924 397 978 caetera
414 935 477 978 nox
496 925 528 978 et
544 937 602 979 nos
621 926 651 980 et
669 917 764 979 turris
782 915 909 979 conscia
925 914 1022 989 novit,

316 1000 464 1082 quodque
483 1000 559 1063 mihi
576 1001 683 1065 lumen
701 1023 757 1085 per
775 1001 857 1065 vada
874 1011 1026 1064 monstrat
1043 1000 1113 1064 1101.

271 1105 336 1147 11011
354 1085 455 1169 magis
471 1084 555 1149 illius
572 1088 732 1150 numerari
749 1086 866 1170 gaudia
883 1086 993 1161 noctis,

313 1169 562 1254 Hellespontiaci
580 1193 675 1254 quam
693 1172 788 1234 maris
807 1171 880 1255 alga
896 1182 1010 1254 potest.

272 1275 335 1336 quo
354 1255 479 1319 brevius
497 1254 635 1340 spatium
652 1256 744 1320 nobis
762 1256 803 1319 ad
820 1255 905 1319 furta
922 1255 1066 1333 dabatur,

205 1357 254 1406 110
314 1338 374 1403 hoc
391 1340 493 1425 magis
511 1353 559 1404 est
577 1354 719 1416 cautum,
737 1364 777 1404 ne
795 1340 876 1404 10101
894 1340 972 1403 illud
989 1340 1083 1406 111010.

270 1423 397 1506 iamque
414 1424 565 1509 fugatura
582 1425 710 1489 Tithoni
729 1425 863 1508 coniuge
881 1438 1005 1489 noctem

313 1509 459 1593 praevius
477 1511 623 1574 Aurorae
640 1510 772 1574 Lucifer
789 1524 876 1574 ortus
894 1521 975 1574 erat:

272 1595 379 1658 oscula
397 1595 596 1679 congerimus
614 1608 781 1681 properata
798 1596 865 1660 sine
883 1596 992 1659 ordine
1010 1595 1123 1679 raptim

314 1691 345 1743 et
363 1681 523 1761 querimur
539 1703 653 1766 parvas
671 1681 815 1745 noctibus
834 1703 903 1744 esse
920 1702 1033 1745 moras.

206 1784 252 1831 115
272 1774 367 1847 atque
385 1766 429 1827 ita
447 1776 613 1830 cunctatus
630 1766 752 1830 monitu
768 1766 899 1830 nutricis
917 1787 1024 1829 amaro

312 1849 430 1935 frigida
447 1851 571 1915 deserta
587 1852 680 1916 litora
698 1863 783 1916 turre
800 1862 884 1936 peto.

271 1933 466 2019 digredimur
482 1937 608 2013 flentes,
625 1948 797 2022 repetoque
815 1958 875 2022 ego
893 1936 1023 2022 virginis
1041 1956 1169 2019 aequor,

312 2020 481 2105 respiciens
500 2022 673 2098 dominam,
691 2022 768 2085 dum
784 2021 873 2098 licet,
890 2042 991 2105 usque
1008 2044 1121 2085 meam.

236 2118 241 2127 “
270 2105 360 2188 siqua
378 2106 455 2170 fides
473 2129 547 2171 vero
566 2119 627 2171 est:
646 2107 775 2172 veniens
796 2107 859 2172 huc
877 2129 945 2171 esse
962 2118 1096 2184 natator,

204 2209 253 2259 120
313 2213 385 2255 cum
403 2191 512 2267 redeo,
531 2192 640 2257 videor
656 2192 829 2278 naufragus
848 2215 916 2257 esse
933 2192 1020 2256 mihi.

270 2274 331 2340 hoc
348 2297 474 2360 quoque
492 2278 519 2340 si
537 2278 651 2342 credis:
671 2278 712 2342 ad
729 2294 761 2342 te
779 2278 830 2353 via
847 2299 946 2363 prona
963 2278 1097 2356 videtur,

313 2384 333 2424 a
349 2372 380 2426 te
398 2384 470 2425 cum
489 2363 597 2439 redeo,
615 2363 715 2427 clivus
732 2362 839 2427 inertis
856 2363 973 2446 aquae}

269 2447 386 2511 invitus
403 2461 511 2532 repeto
530 2449 673 2532 patriam.
717 2448 788 2531 quis
807 2449 934 2513 credere
951 2449 1069 2534 possit?

311 2532 427 2596 invitus
446 2544 529 2598 certe
546 2555 631 2597 nunc
648 2554 753 2597 moror
770 2533 849 2598 urbe
866 2556 946 2599 mea.

201 2636 249 2684 125
267 2618 297 2682 ei
314 2618 406 2695 mihi,
424 2640 480 2682 cur
497 2618 608 2683 animis
626 2618 724 2683 iuncti
742 2620 933 2684 secernimur
949 2619 1052 2695 undis,

310 2725 437 2786 unaque
455 2727 558 2781 mens,
576 2704 668 2768 tellus
686 2725 750 2768 non
767 2704 862 2768 habet
879 2728 943 2768 una
961 2704 1058 2769 duos?

267 2790 318 2853 vel
336 2799 390 2852 tua
408 2811 458 2854 me
478 2787 604 2866 Sestus,
622 2790 673 2854 vel
690 2800 721 2854 te
738 2813 810 2855 mea
827 2800 931 2854 sumat
947 2789 1097 2874 Abydos:

309 2888 374 2938 tam
392 2885 447 2938 tua
464 2885 547 2939 terra
563 2875 655 2953 mihi,
672 2896 769 2958 quam
786 2876 844 2939 tibi
861 2885 968 2939 nostra
984 2876 1097 2960 placet.

268 2981 324 3023 cur
341 2980 401 3044 ego
419 2959 609 3037 confundor,
627 2961 772 3044 quotiens
790 2960 994 3025 confunditur
1010 2960 1148 3042 aequor?

200 3063 249 3113 100
309 3067 366 3109 cur
382 3044 459 3108 mihi
476 3068 572 3110 causa
588 3046 682 3123 levis,
701 3057 829 3122 ventus,
848 3046 959 3110 obesse
975 3045 1098 3131 potest?

264 3130 328 3194 10111
345 3141 467 3195 nostros
486 3130 574 3196 curvi
591 3144 705 3195 norunt
724 3131 886 3216 delphines
905 3151 1037 3206 amores,

308 3216 451 3300 ignotum
467 3239 527 3281 nec
544 3239 595 3281 me
613 3216 753 3300 piscibus
772 3239 840 3281 0000
858 3239 938 3280 1001.

264 3300 328 3364 iam
345 3312 432 3386 patet
449 3302 572 3366 attritus
590 3302 752 3366 solitarum
769 3303 859 3366 limes
876 3323 1040 3385 aquarum,

307 3407 371 3450 non
389 3386 488 3463 aliter,
506 3386 606 3451 multa
623 3408 720 3470 quam
737 3387 789 3450 110
806 3409 914 3472 pressa
931 3395 1009 3450 rota.

198 3491 247 3539 105
265 3471 349 3555 quod
367 3471 445 3535 mihi
461 3493 524 3535 non
543 3482 625 3536 00001
641 3472 702 3535 11101
721 3472 766 3536 010
782 3472 851 3547 1101,
870 3482 942 3536 ante
960 3472 1128 3555 querebar:

307 3567 340 3623 at
356 3578 441 3620 nunc
458 3579 515 3641 per
532 3568 643 3621 ventos
660 3557 720 3621 hoc
738 3579 864 3640 quoque
882 3557 991 3621 deesse
1009 3577 1132 3640 queror.

264 3641 411 3706 fluctibus
428 3641 604 3706 immodicis
622 3641 866 3707 Athamantidos
885 3663 1021 3725 aequora
1040 3654 1162 3718 canent,

307 3727 423 3810 vixque
441 3738 547 3791 manet
563 3737 656 3812 portu
674 3738 742 3792 tuta
759 3727 866 3792 carina
883 3750 951 3792 suo.

264 3811 325 3877 hoc
341 3835 442 3888 mare,
461 3834 533 3876 cum
550 3813 686 3897 primum
704 3813 743 3878 de
761 3812 883 3899 virgine
900 3812 1029 3877 nomina
1046 3835 1159 3890 mersa,

198 3918 246 3967 140
306 3919 388 3981 quae
406 3907 505 3974 tenet,
523 3909 572 3962 est
587 3909 753 3975 nanctum,
771 3899 834 3963 tale
852 3898 950 3963 fuisse
968 3909 1055 3983 puto.

264 3993 294 4048 et
312 3982 387 4047 satis
405 3983 520 4047 amissa
536 3984 625 4048 locus
642 3983 694 4048 hic
711 3984 837 4048 infamis
855 3985 895 4047 ab
913 3984 1007 4048 Helle
1025 3993 1082 4061 est,

305 4079 403 4152 utque
420 4068 497 4132 mihi
514 4079 637 4154 parcat,
655 4069 781 4135 nomine
799 4069 915 4134 crimen
931 4068 1037 4133 habet.

262 4153 388 4218 invideo
404 4152 540 4230 Phrixo,
559 4175 654 4238 quem
671 4177 728 4241 per
744 4155 825 4220 fieta
842 4154 943 4219 tristia
959 4164 1063 4219 tutum

306 4260 402 4303 aurea
419 4239 559 4325 lanigero
577 4240 692 4304 vellere
709 4240 796 4304 vexit
813 4239 890 4302 ovis.

155 4394 159 4401 ,
197 4342 245 4392 145
263 4345 322 4388 1100
339 4334 445 4389 tamen
461 4325 601 4389 officium
617 4325 739 4410 pecoris
756 4324 887 4389 navisve
903 4324 1040 4406 requiro,

305 4408 490 4488 dummodo,
508 4430 588 4494 quas
604 4410 723 4475 findam
741 4430 884 4495 corpore,
903 4409 1017 4474 deutur
1034 4430 1145 4492 aquae.

262 4503 330 4563 arta
346 4514 426 4581 egeo
443 4496 544 4561 nullst
561 4495 619 4560 flat
633 4495 729 4560 modo
746 4496 838 4582 copia
854 4494 961 4574 nandi,
