2604 4974
197 676 260 743 134
407 685 408 688 ’
534 693 566 749 P.
587 694 696 752 OVIDI
713 691 874 751 NASONIS

196 836 272 913 ergo
291 836 351 900 ego
369 813 518 892 sustinui,
536 816 657 882 foribus
675 828 741 881 tam
759 839 853 902 saepe
870 817 1027 902 repulsus,

146 919 178 968 10
237 922 411 984 rugenuum
428 900 508 965 dura
524 924 642 987 ponere
660 925 772 988 corpus
790 902 905 966 humo?

196 1007 271 1070 ergo
290 1007 350 1049 etro
367 986 474 1052 nescio
493 987 558 1065 oui,
576 1010 671 1071 quem
689 999 723 1052 tu
742 987 895 1072 conplexa
912 989 1055 1066 tenebas,

238 1040 375 1136 excrdrui
392 1071 546 1148 clausam,
565 1096 674 1137 servus
692 1084 741 1150 ut,
760 1086 831 1137 ante
850 1073 998 1138 domum?

195 1155 274 1230 vidi,
294 1178 367 1220 cum
385 1157 505 1222 foribus
523 1159 625 1222 lassus
642 1159 782 1242 prodiret
799 1170 928 1234 amator,

237 1241 410 1306 invalidum
427 1243 568 1308 referens
586 1244 814 1325 emeritumque
832 1245 924 1308 latus.

145 1342 176 1391 15
194 1325 254 1390 hoc
272 1338 378 1392 tamen
395 1339 443 1392 est
459 1329 575 1404 levius,
593 1349 690 1411 quam
707 1328 792 1412 quod
810 1351 880 1392 sum
898 1329 985 1394 visus
1002 1329 1044 1394 ab
1061 1328 1128 1397 illo.

237 1413 362 1477 eveniat
378 1414 493 1478 uostris
510 1413 654 1477 hostibus
670 1414 723 1479 ille
740 1413 857 1498 pudor!

194 1499 322 1579 quando
340 1519 400 1582 ego
418 1521 482 1562 non
498 1498 580 1562 fixus
599 1499 689 1563 lateri
706 1500 861 1584 patienter
878 1500 1017 1577 adhaesi,

236 1582 304 1667 ipse
323 1595 397 1648 tuus
415 1596 534 1660 custos,
552 1584 620 1668 ipse
638 1584 695 1661 vir,
714 1585 781 1668 ipse
800 1585 923 1650 comes?

194 1668 314 1733 scilicet
331 1681 362 1732 et
379 1670 496 1754 populo
515 1691 571 1754 per
588 1692 639 1735 me
657 1670 805 1735 comitata
821 1669 983 1755 placebas!

144 1769 177 1818 20
237 1775 333 1817 causa
350 1753 411 1818 fuit
427 1754 534 1818 multis
551 1765 658 1820 noster
675 1755 790 1820 amoris
808 1777 906 1820 amor.
1071 1825 1077 1842 ¹

194 1839 299 1924 turpia
317 1838 393 1922 quid
412 1838 547 1904 referam
565 1863 667 1906 vanae
684 1841 849 1906 mendacia
866 1841 994 1926 linguae

237 1935 268 1988 et
284 1924 459 2008 periuratos
477 1925 510 1989 in
527 1949 599 1990 mea
616 1927 733 1991 damna
750 1927 845 1992 deos?

194 2009 272 2092 quid
289 2009 440 2075 iuvenum
459 2012 570 2076 tacitos
588 2012 669 2078 inter
687 2013 832 2077 convivia
848 2023 954 2086 nutus,

237 2096 397 2178 verbaque
415 2096 584 2182 conpositis
602 2097 797 2162 dissimulata
814 2098 916 2162 notis?

144 2196 176 2244 25
195 2178 279 2244 dicta
296 2191 363 2244 erat
380 2204 477 2266 aegra
494 2182 585 2246 mihi:
603 2205 754 2268 praeceps
773 2205 945 2266 amensque
963 2183 1098 2249 cucurri.

236 2265 323 2341 veni,
342 2276 374 2330 et
390 2267 482 2331 rivali
499 2289 561 2332 non
580 2281 648 2333 erat
665 2291 762 2352 aegra
779 2267 865 2333 meol

194 2348 305 2426 biset,
324 2372 405 2433 quae
423 2362 527 2430 taceo,
547 2353 658 2417 duravi
676 2376 771 2437 saepe
788 2352 937 2418 ferendis.

237 2456 354 2518 quaere
372 2437 468 2500 alium
485 2459 543 2522 pro
561 2461 627 2514 me,
646 2438 701 2520 qui
718 2450 813 2520 queat
830 2438 892 2502 ista
908 2439 983 2523 pati.

194 2519 258 2584 iam
276 2543 348 2586 mea
365 2522 471 2586 votiva
488 2522 605 2608 puppis
623 2523 767 2588 redimita
784 2544 900 2589 corona

143 2622 177 2671 ³0
236 2606 322 2670 lenta
339 2609 542 2672 tumescentis
560 2608 705 2692 aequoris
723 2608 812 2674 audit
829 2631 937 2692 aquas.

194 2691 303 2758 desine
321 2693 490 2758 blanditias
508 2706 540 2758 et
557 2695 655 2759 verba
671 2695 812 2780 potentia
829 2695 989 2778 quondam

236 2778 382 2862 perdere:
400 2801 465 2844 nou
483 2802 542 2864 ego
561 2804 632 2844 sum
649 2782 778 2858 stultus,
795 2791 831 2844 ut
849 2792 921 2845 ante
939 2780 995 2844 fui.

192 2863 353 2928 luctantur
369 2876 543 2949 pectusque
560 2867 631 2932 leve
648 2866 681 2930 iu
699 2865 855 2930 contraria
872 2865 1005 2930 tendunt

235 2949 295 3013 hac
313 2971 411 3027 amor,
429 2951 489 3016 hac
507 2953 625 3016 odium.
669 2952 739 3029 sed,
757 2962 849 3036 puto,
868 2950 965 3014 vincit
982 2972 1080 3016 amor.

142 3050 175 3099 ³5
193 3034 304 3110 odero,
323 3035 348 3098 si
366 3048 489 3122 potero:
508 3037 535 3101 si
552 3060 629 3113 non,
648 3037 765 3101 invitus
783 3036 906 3101 amabo·

234 3142 294 3186 nec
311 3121 388 3207 iuga
405 3134 514 3187 taurus
532 3135 631 3187 amatr
650 3145 731 3206 quae
749 3135 856 3186 tamen
873 3121 954 3196 odit,
971 3120 1078 3186 habet.

193 3206 367 3290 nequitiam
384 3208 489 3293 fugio,
508 3209 682 3294 fugientem
698 3207 801 3272 forma
817 3206 953 3271 reducit:

236 3315 364 3357 aversor
381 3317 505 3358 morum
523 3294 666 3368 crimina,
685 3315 799 3378 corpus
817 3312 899 3357 amo.

194 3376 239 3441 sic
257 3400 317 3464 ego
334 3402 393 3444 nec
411 3381 477 3445 sine
495 3391 526 3445 te
543 3402 602 3444 nec
617 3391 725 3444 tecum
742 3379 848 3443 vivere
864 3397 1004 3463 possum,

143 3480 177 3529 40
237 3474 268 3528 et
286 3464 395 3530 videor
412 3467 477 3529 voti
495 3466 620 3529 nescius
638 3486 707 3528 esse
724 3464 796 3528 mei.

195 3559 250 3612 aut
267 3548 407 3615 formosa
424 3551 507 3615 fores
526 3551 644 3624 minus,
662 3559 716 3613 aut
734 3549 838 3612 minus
856 3547 1005 3633 inproba,
1023 3548 1153 3615 vellemt

236 3656 299 3698 non
318 3635 394 3699 facit
411 3636 451 3699 ad
469 3657 572 3699 mores
591 3646 655 3698 tam
673 3634 757 3698 bona
774 3634 877 3697 forma
894 3633 1004 3698 malos.

194 3719 281 3783 facta
297 3732 418 3786 merent
436 3721 558 3792 odiumz
576 3719 672 3783 facies
691 3731 798 3783 exorat
817 3740 970 3783 amorem:

237 3828 288 3870 me
305 3806 471 3882 miserum,
489 3805 572 3869 vitiis
590 3805 662 3890 plus
680 3805 764 3868 valet
781 3805 835 3868 illa
853 3803 932 3868 suisl

144 3909 177 3956 45
196 3913 305 3975 parce,
323 3913 380 3975 per
398 3914 416 3955 o
434 3892 506 3956 lecti
525 3890 653 3955 socialia
670 3890 754 3965 iura,
772 3913 829 3974 per
846 3889 957 3964 omnis,

237 3976 292 4059 qui
310 3977 385 4039 dant
402 3977 557 4041 fallendos
576 3999 609 4040 se
627 3975 684 4039 tibi
702 3998 810 4058 saepe,
830 3975 916 4050 deos,

195 4082 314 4146 perque
332 4074 419 4126 tuam
437 4062 566 4137 faciem,
586 4062 693 4146 magui
711 4061 788 4124 mihi
805 4059 941 4123 numinis
960 4061 1068 4137 instar,

236 4168 355 4230 perque
373 4160 443 4212 tuos
462 4148 583 4223 oculos,
602 4147 657 4229 qui
674 4168 807 4230 rapuere
825 4167 911 4209 meos
929 4183 972 4192 -

195 4232 349 4315 quidquid
368 4235 442 4310 eris,
461 4255 532 4296 mea
549 4255 673 4317 semper
690 4230 764 4295 eris!
792 4242 827 4293 tu
845 4230 943 4314 selige
960 4240 1093 4307 tautum,

145 4339 178 4386 50
238 4340 288 4382 me
307 4339 432 4401 quoque
451 4320 531 4383 velle
548 4317 641 4392 velis,
660 4338 741 4380 anne
759 4327 886 4380 coactus
904 4339 1016 4380 amem.

194 4402 291 4466 lintea
308 4403 381 4466 dem
399 4405 502 4488 potius
520 4403 685 4485 ventisque
703 4400 877 4469 ferentibus
894 4412 976 4477 utar,

237 4498 286 4562 ut,
305 4490 448 4570 quamvis
466 4489 579 4564 nolim,
598 4509 704 4572 cogar,
723 4508 829 4551 amare
846 4487 967 4555 velim..

1217 3976 1232 4139 ζ,

1222 4194 1233 4320 l
