2604 4974
72 755 115 822 26
411 768 445 825 Ρ.
463 768 574 828 0va
589 766 753 828 NASONIS
804 764 809 773 '

25 917 53 963 ro
113 914 197 957 nunc
214 893 293 959 levis
311 892 444 960 eiectam
461 892 600 960 continet
617 895 691 979 alga
705 903 816 959 ratem.

71 989 195 1064 tempus
213 990 250 1043 ut
266 980 446 1058 observem,
463 980 580 1045 manda
597 980 683 1044 mihi.
725 978 826 1045 serius
841 977 912 1056 ibis,

112 1086 172 1129 nec
190 1075 235 1140 te,
254 1065 281 1130 si
299 1065 423 1152 cupies,
440 1066 511 1152 ipsa
526 1088 655 1131 manere
672 1065 782 1130 sinam.

70 1160 102 1215 et
119 1150 196 1214 socii
213 1151 355 1234 requiem
373 1162 521 1236 poscunt,
539 1151 721 1235 laniataque
738 1150 846 1217 classis

110 1236 250 1319 postulat
267 1237 399 1323 exiguas
416 1236 615 1302 semirefecta
631 1259 745 1302 moras.
771 1280 779 1295 ,

25 1344 50 1391 ts
68 1342 126 1406 pro
144 1323 263 1388 meritis
282 1333 313 1387 et
330 1321 422 1405 siqua
440 1323 496 1387 tibi
515 1322 702 1388 debebimus
720 1322 812 1399 ultra,

111 1428 168 1491 pro
187 1430 243 1493 spe
261 1406 400 1491 coniugii
417 1418 559 1492 tempora
576 1429 676 1493 parva
691 1419 780 1495 petor

69 1492 145 1557 dum
163 1494 244 1558 freta
262 1493 431 1556 mitescunt
449 1505 481 1557 et
498 1513 597 1569 amor,
616 1494 693 1558 dum
710 1506 849 1580 tempore
865 1501 897 1557 et
913 1510 976 1554 usu

110 1578 235 1643 fortiter
252 1577 358 1641 edisco
375 1577 477 1641 tristia
494 1599 588 1662 posse
605 1580 682 1663 pati.

69 1663 95 1727 si
112 1664 230 1738 minus,
249 1673 297 1728 est
315 1661 438 1726 animus
456 1663 547 1726 nobis
565 1663 730 1729 effundere
747 1665 860 1729 vitam=

25 1772 51 1819 to
110 1749 144 1812 in
161 1770 212 1812 me
230 1747 365 1812 crudelis
383 1769 447 1811 non
464 1758 555 1833 potes
573 1769 642 1812 esse
660 1749 725 1812 diu.

68 1833 202 1919 aspicias
220 1833 356 1911 utinam,
375 1854 456 1917 quae
474 1832 515 1897 sit
532 1831 696 1897 scribentis
714 1832 836 1917 imago}

110 1918 290 1995 scribimus,
309 1930 340 1984 et
356 1919 477 2004 gremio
495 1916 629 1981 Troicus
646 1916 730 1982 ensis
748 1917 850 1980 adest:

67 2025 186 2089 perque
204 2027 303 2090 genas
321 2003 469 2069 lacrimae
487 2002 630 2067 strictum
646 2000 796 2066 labuntur
812 2001 846 2064 in
863 2023 984 2076 ensem,

110 2090 166 2172 qui
183 2090 247 2153 iam
265 2112 322 2175 pro
340 2089 476 2154 lacrimis
495 2087 648 2173 sanguine
666 2085 782 2151 tinctus
800 2085 868 2150 erit.

25 2197 48 2246 te
67 2195 162 2257 quam
180 2174 262 2240 bene
280 2175 471 2239 conveniunt
487 2173 553 2237 fato
571 2183 627 2236 tua
643 2193 775 2235 munera
791 2171 913 2237 nostroi

108 2258 237 2323 instruis
254 2260 386 2344 inpensa
403 2271 511 2323 nostra
528 2256 695 2342 sepulchra
712 2256 811 2320 brevi.

65 2365 125 2408 nec
142 2367 213 2408 mea
230 2367 316 2409 nunc
332 2344 470 2429 primum
487 2343 643 2407 feriuntur
659 2351 787 2427 pectora
804 2343 883 2407 telo:
1032 2290 1127 2409 N·

107 2429 160 2493 ille
177 2430 267 2494 locus
284 2429 372 2494 saevi
388 2430 503 2493 vulnus
522 2428 651 2493 Amoris
668 2428 773 2492 habet.

65 2515 163 2580 Anna
180 2536 278 2592 soror,
296 2536 385 2580 soror
403 2515 513 2590 Anna,
531 2535 621 2579 meae
638 2514 720 2578 male
739 2515 866 2578 conscia
883 2514 1005 2601 culpae,

25 2622 48 2672 to
107 2600 171 2664 iam
189 2600 280 2664 dabis
297 2601 331 2664 in
348 2600 468 2664 cineres
486 2599 598 2663 ultima
616 2600 700 2664 dona
716 2620 813 2664 meos.

64 2706 124 2750 nec
142 2696 329 2771 consumpta
345 2685 431 2771 rogis
448 2684 603 2750 inscribar
619 2684 726 2750 Elissa
744 2683 891 2769 Sychaei,

107 2770 167 2834 hoo
184 2781 291 2836 tamen
307 2771 342 2835 in
358 2770 473 2835 tumuli
490 2792 647 2836 marmore
664 2793 792 2836 carmen
811 2771 869 2836 erit

65 2857 224 2941 ‘praebuit
240 2856 369 2922 Aeneas
388 2869 420 2921 et
437 2878 566 2921 causam
582 2856 691 2921 mortis
709 2867 741 2922 et:
759 2879 876 2924 ensem.

105 2942 175 3027 ipsa
192 2964 251 3007 sua
267 2941 354 3007 Dido
372 2942 509 3008 concidit
525 2964 585 3007 usa
601 2942 720 3008 manu’

526 3096 623 3162 VIII.

63 3196 206 3282 Pyrrhus
224 3198 415 3275 Achillides,
433 3199 593 3263 animosus
610 3198 748 3285 imagine
766 3200 874 3285 patris,
941 3213 1082 3267 Hermione

105 3283 259 3360 inclusam
277 3295 386 3348 contra
402 3284 515 3368 iusque
532 3284 683 3370 piumque
701 3297 795 3350 tenet
960 3283 1052 3335 0¹⁰³&-

29 3391 45 3440 5
64 3368 150 3451 quod
166 3369 270 3453 potui:
288 3371 391 3446 renui,
409 3393 450 3435 ne
467 3391 532 3434 non
548 3370 648 3434 invita
665 3382 797 3436 tenerer.

105 3464 210 3518 cetera
227 3454 384 3520 femineae
401 3476 465 3520 non
482 3456 611 3521 valuere
628 3479 751 3521 manus.

63 3539 154 3623 ‘quid
170 3539 264 3615 facis,
282 3540 444 3606 Aeacide?
461 3563 525 3606 non
543 3564 614 3608 sum
631 3542 699 3608 sine
716 3541 855 3606 vindice'
874 3540 954 3605 dixi:

106 3625 199 3689 ‘haec
216 3625 275 3690 tibi
291 3626 351 3691 sub
370 3626 497 3691 domino
516 3638 577 3703 est,
595 3627 733 3712 Pyrrhe,
751 3628 858 3713 puella
875 3625 952 3691 suo?

62 3710 186 3774 surdior
202 3711 255 3775 ille
273 3712 354 3777 freto
372 3713 560 3778 clamantem
579 3736 696 3779 nornen
714 3711 838 3778 Orestis

25 3821 45 3868 ,0
105 3795 201 3860 traxit
217 3796 368 3862 inornatis
385 3798 418 3862 in
436 3821 494 3863 sua
510 3809 594 3865 tecta
612 3799 719 3864 comis.

63 3881 140 3964 quid
156 3882 286 3967 gravius
305 3894 397 3968 capta
414 3884 657 3950 Lacedaemone
674 3908 766 3950 serva
783 3884 934 3958 tulissem,

105 3967 131 4031 si
149 3979 274 4052 raperet
292 3966 408 4035 Graias
425 3970 562 4035 barbara
577 3971 672 4036 turba
688 3970 806 4035 nurus?

61 4053 188 4136 parcius
206 4053 453 4120 Andromachen
471 4057 598 4121 vexavit
614 4056 740 4121 Achai'a
757 4054 878 4131 victrix,

105 4160 177 4202 cum
195 4138 329 4205 Danaus
347 4140 506 4227 Phrygias
524 4152 629 4207 ureret
645 4142 656 4206 i
701 4141 729 4205 is
746 4162 832 4225 opes.

29 4234 96 4294 5'at
113 4235 163 4301 tu,
181 4247 258 4289 cura
274 4225 336 4290 mei
354 4227 381 4290 si
398 4238 430 4291 te
447 4228 500 4311 pia
517 4229 632 4313 tangit,
652 4165 777 4302 diecto,

104 4309 185 4375 inice
202 4332 266 4374 non
283 4311 408 4376 timidas
425 4313 459 4376 in
476 4323 531 4377 tua
548 4314 617 4377 iura
634 4333 757 4376 manus.

63 4418 104 4459 an
120 4395 218 4479 siquis
234 4397 337 4481 rapiat
354 4397 486 4462 stabulis
504 4409 646 4463 armenta
661 4395 802 4470 reclusis,
888 4404 892 4421 ²

104 4502 193 4545 arma
209 4479 307 4559 feras,
325 4494 417 4568 rapta
435 4484 569 4569 coniuge
585 4484 689 4548 lentus
707 4480 787 4546 eris?

61 4565 106 4633 sis
123 4564 228 4652 (socer
244 4569 390 4655 exemplo
408 4571 471 4655 est)
487 4579 605 4655 nuptae
622 4566 773 4653 repetitor
790 4563 970 4648 ademptae:
