2604 4974
321 348 527 406 HEROIDUM
542 347 581 402 II.
600 348 728 402 92-148.
747 348 799 402 111.
818 349 911 405 1-29.
1104 333 1123 396 l

147 492 372 554 occurramque
390 471 489 536 oculis
505 471 695 535 intumulata
712 470 789 535 tuis:

105 558 219 621 duritia
236 557 356 622 sermm
372 567 409 620 ut
426 578 555 641 superes
573 556 835 639 adamantaquet
836 577 926 639 eque,

147 650 224 707 ‘non
241 643 342 707 tibi
318 664 363 707 src
368 642 481 742 'dices
499 641 634 726 ‘Phylli,
654 641 833 726 sequendus
850 641 957 707 eram?

105 751 203 829 saepe
214 749 410 792 venenorum
427 727 467 791 sit
468 726 495 791 is
513 738 561 791 est
549 727 670 804 tmihi,
688 749 782 811 saepe
801 737 932 792 cruenta

146 814 308 878 traiectam
325 812 432 912 gladio
449 825 549 877 morte
566 813 669 898 perire
686 813 784 877 iuvat

105 899 184 963 colla
201 920 338 982 quoque,
355 897 461 962 infidis
479 897 554 981 quia
570 919 604 962 se
622 899 778 963 nectenda
794 898 919 963 lacertis

146 984 375 1069 praebuerunt,
392 983 514 1067 laqueis
530 982 711 1069 inplicuisse
728 983 827 1048 lubet

106 1080 167 1133 stat
183 1091 261 1134 nece
278 1079 403 1132 matura
420 1081 564 1132 tenerum
581 1091 714 1153 pensare
730 1069 895 1154 pudorem.

145 1155 179 1217 in
196 1155 283 1219 necis
301 1155 403 1219 electu
420 1176 519 1238 parva
536 1153 586 1217 fut
573 1164 644 1219 tura
661 1175 751 1218 mora
769 1164 826 1219 est.

103 1239 273 1304 inscribere
290 1261 362 1304 meo
380 1261 476 1303 causa
492 1239 649 1304 invidiosa
666 1240 847 1341 sepulchro:

146 1335 202 1389 aut
217 1325 293 1402 hoo,
311 1335 366 1388 aut
385 1324 479 1388 simili
497 1325 635 1390 carmine
652 1336 748 1389 notus
766 1325 826 1390 eris

105 1409 268 1495 ‘Phyllida
275 1409 499 1510 Demophoon
516 1410 560 1474 let
547 1421 580 1475 to
598 1409 700 1488 dedit,
718 1410 834 1495 hospes
852 1420 1026 1476 amantem:

145 1497 197 1561 ille
214 1495 301 1565 necis
319 1517 448 1560 oausam
465 1495 653 1580 praebuit,
644 1518 715 1581 1psa
732 1495 882 1560 manum?

584 1649 648 1715 ΠΙ.

104 1751 210 1834 Quam
227 1751 322 1838 legis,
341 1761 468 1836 arapta
484 1751 629 1816 Briset'de
647 1752 751 1817 littera
768 1751 865 1829 venit,
1092 1767 1193 1821 Briset

144 1839 199 1901 vix
216 1838 297 1902 bene
315 1837 481 1902 barbarica
498 1835 625 1904 Graeca
641 1848 750 1903 notata
767 1861 875 1902 manu
1090 1836 1192 1889 rotuli.

104 1944 321 2007 quascumque
339 1923 486 2022 aspicies,
503 1923 653 1988 lacrimae
670 1924 775 1989 fecere
792 1923 913 1988 lit.uras

145 2009 201 2072 sed
218 2019 326 2073 tamen
344 2020 376 2074 et
392 2008 542 2074 lacrimae
558 2010 700 2095 pondera
717 2009 804 2074 vocis
822 2008 950 2073 habent.

104 2093 143 2158 sit
159 2093 237 2158 mihi
254 2117 357 2180 pauca
374 2115 464 2177 queri
454 2094 521 2159 de
538 2105 570 2159 te
587 2095 825 2195 dominoque
795 2115 941 2178 vlroque:
1160 2114 1175 2160 ι

144 2181 193 2244 fas
211 2190 260 2244 est
277 2180 316 2244 de
335 2180 462 2245 domino
479 2201 583 2265 pauca
600 2181 731 2265 viroque
749 2179 848 2263 queri

104 2288 180 2342 non,
199 2288 259 2351 ego
276 2265 420 2351 poscenti
437 2265 523 2349 quod
541 2289 612 2331 sum
630 2266 692 2331 cito
660 2266 825 2331 totradita
842 2264 921 2351 regi,

145 2313 240 2452 crilpa
256 2363 312 2415 tua
330 2363 386 2416 est.
430 2352 576 2434 quamvis
593 2351 673 2417 haec
691 2373 819 2435 quoque
837 2352 930 2437 culpa
946 2361 1002 2416 tua
1019 2361 1076 2415 est.

104 2461 177 2501 nam
195 2436 288 2501 simul
306 2436 487 2522 Eurybates
505 2459 557 2502 me
574 2438 829 2522 Talthybiusque
848 2446 1013 2514 vocarunt,

145 2522 303 2606 Eurybati
320 2522 396 2623 data
413 2545 484 2586 sum
501 2523 575 2587 Talt
563 2523 736 2608 thybioque
754 2545 869 2588 comes.

106 2609 147 2673 alt
135 2621 183 2673 ter
199 2609 233 2672 in
251 2609 294 2672 alt
282 2608 379 2673 terius
396 2608 516 2673 iactant
516 2631 549 2672 es
503 2609 689 2672 tlumina
705 2608 773 2674 vult
760 2619 826 2672 tum

146 2693 341 2795 quaerebant
358 2693 459 2770 taciti,
476 2704 549 2757 nost
549 2716 584 2758 er
536 2693 657 2758 tubi
674 2705 757 2758 esset
775 2716 872 2758 amor.

106 2779 223 2845 differri
240 2780 342 2880 potui
360 2801 481 2864 poenae
499 2801 587 2843 mora
604 2789 676 2865 grat
677 2802 696 2843 a
663 2779 834 2843 tfuisset.

146 2889 174 2930 e1
165 2865 283 2942 mihi,
302 2865 467 2930 discedens
486 2865 594 2929 oscula
611 2866 698 2929 nulla
716 2863 804 2928 dedil

106 2962 136 3016 at
151 2951 341 3015 lacrimas
316 2973 383 3015 arne
400 2950 463 3016 fine
481 2951 569 3026 dedi,
586 2950 721 3051 rupique
737 2951 884 3051 capillos.

144 3036 387 3101 infelixt1erum
404 3059 477 3100 sum
494 2997 620 3100 mihi
589 3059 658 3100 vrsa
676 3035 756 3120 capi

106 3145 255 3207 saepe
215 3143 276 3187 eoro
294 3122 427 3206 decepto
445 3121 531 3186 volui
549 3121 680 3186 custode
697 3122 825 3186 reverti:

146 3207 201 3273 sed
218 3230 270 3272 me
287 3228 343 3290 qm
333 3207 503 3271 timidam
521 3206 704 3293 prenderet,
722 3206 802 3271 host
781 3218 820 3270 trs
838 3217 914 3271 erat.

107 3293 131 3358 ai
147 3315 315 3394 progressa
331 3292 448 3369 forem,
466 3314 596 3377 caperer
612 3315 653 3357 ne
671 3304 777 3368 nocte,
796 3293 957 3369 timebam,

145 3379 319 3462 quamlibet
337 3378 378 3442 ad
394 3377 516 3442 Priami
533 3400 649 3442 munus
667 3378 750 3442 itura
766 3401 892 3442 nurum.

106 3464 159 3530 sed
177 3465 231 3528 dat
219 3475 252 3528 ta
269 3463 344 3540 sim,
362 3463 437 3547 quia
455 3463 561 3528 danda
577 3463 635 3527 fui.
678 3473 726 3527 tot
742 3463 888 3528 noctibus
906 3465 1029 3540 absum,

145 3571 205 3615 nec
222 3560 356 3635 repetor
392 3571 511 3627 cessas,
529 3550 639 3633 iraque
656 3549 773 3614 lentat
760 3560 816 3614 tua
833 3560 890 3613 est.

59 3658 64 3673 -·
105 3632 172 3721 ipse
188 3635 409 3700 Menoetiades
426 3646 509 3713 tum,
527 3657 602 3700 cum
619 3635 807 3712 tradebar,
798 3658 831 3698 ιιι
849 3657 958 3699 aurem

59 3723 62 3773 ἱ
147 3721 241 3805 ‘quid
257 3720 334 3786 fles?
351 3720 403 3785 hic
420 3743 519 3805 parvo
536 3721 692 3806 tempore’
712 3683 791 3784 dixit
809 3719 905 3784 ‘eris’

105 3828 163 3872 neo
179 3807 346 3893 repetisse,
363 3828 486 3906 parum.
529 3828 670 3892 pugnas,
687 3828 728 3871 ne
745 3805 869 3882 reddar,
887 3804 1025 3871 Achille.

59 3948 66 3983 ,
145 3916 157 3957 1
173 3914 260 3957 nunc
278 3903 310 3957 et
328 3891 435 3977 cupidi
451 3913 568 3956 nomen
585 3891 719 3956 amantis
736 3890 833 3955 habel

59 4008 78 4067 ·.'-
107 3988 259 4044 venerunt
276 3976 318 4042 ad
334 3988 366 4043 te
384 3977 557 4043 Telamone
575 3988 608 4043 et
623 3976 802 4061 Amyntore
818 3977 896 4055 nati,

65 4124 70 4135 ,
146 4063 200 4130 ille
217 4062 321 4150 gradu
336 4063 466 4149 propior
482 4064 662 4150 sanguinis,
678 4063 734 4128 ille
751 4085 873 4143 comes,

106 4147 286 4233 Laertaque
301 4161 401 4229 satus,
405 4172 477 4243 per
492 4171 576 4237 quos
594 4151 753 4220 comitata
766 4151 930 4220 rediremr
