2604 4974
327 276 583 334 auouuuum.
601 279 639 335 11.
658 278 694 349 v,
712 276 905 351 as-ru,14.
1065 260 1128 330 105

104 397 184 463 vivit
201 410 234 464 et
250 399 415 467 armiferae
433 401 542 466 cornix
558 401 661 468 invisa
677 403 854 480 Minervae,

148 485 202 549 illa
220 485 349 569 quidem
367 489 478 552 saeclis
495 489 549 553 vix
567 489 720 554 moritura
736 512 862 555 novem.

105 570 222 635 occidit
239 571 294 635 illa
311 573 428 655 loquax
444 572 602 640 humanae
620 576 706 640 vocis
723 575 841 662 imago,

147 656 314 741 psittacus,
333 669 473 724 extremo
491 682 606 724 munus
624 661 666 725 ab
683 661 759 726 orbe
777 663 896 725 datum.

104 742 225 827 optima
242 743 344 826 prima
360 744 427 810 fere
444 746 591 810 manibus
609 747 774 832 rapiuntur
791 747 908 811 avaris:

147 828 319 913 implentur
334 831 473 896 numeris
491 832 646 897 deteriora
664 832 739 897 suis.

104 912 206 977 tristia
222 913 418 1000 Phylacidae
435 916 597 982 Thersites
615 917 728 982 funera
744 917 837 982 vidit:

147 999 274 1082 iamque
292 1001 386 1079 cinis,
404 1002 485 1067 vivis
502 1004 667 1080 fratribus,
685 1005 807 1068 Hector
824 1012 900 1068 erat.

104 1085 184 1169 quid
202 1086 339 1152 referam
356 1087 485 1153 timidae
503 1111 561 1175 pro
578 1101 610 1154 te
626 1089 680 1175 pia
698 1100 772 1153 vota
788 1088 922 1174 puellae,

149 1180 224 1235 vota
240 1174 414 1256 procelloso
432 1196 489 1260 per
506 1197 592 1239 mare
610 1185 702 1261 rapta
718 1175 813 1239 noto?

105 1256 240 1341 septima
257 1258 313 1322 lux
330 1259 427 1335 venit,
444 1282 509 1324 non
526 1260 704 1326 exhibitura
721 1269 917 1344 sequentem,

149 1352 180 1406 et
198 1342 303 1408 stabat
320 1366 421 1410 vacuo
438 1346 503 1410 iam
521 1346 578 1410 tibi
594 1346 699 1411 Paroa
716 1345 795 1410 colo.

105 1449 165 1492 neo
182 1439 288 1494 tamen
305 1430 422 1517 ignavo
441 1443 630 1517 stupuerunt
646 1432 746 1496 verba
762 1431 884 1517 palato:

149 1515 297 1580 clamavit
314 1517 450 1582 moriens
466 1517 577 1603 lingua
595 1515 765 1594 ‘Corinna,
782 1515 883 1581 valel'

106 1601 185 1666 colle
203 1602 263 1665 sub
280 1601 391 1687 Elysio
409 1603 501 1690 nigra
517 1626 630 1669 nemus
647 1603 718 1669 ilice
735 1602 871 1677 frondet,

147 1686 274 1770 udaque
292 1702 445 1773 perpetuo
461 1690 604 1775 gramine
621 1700 705 1754 terra
722 1688 812 1754 viret.

106 1771 198 1855 siqua
215 1773 294 1838 fides
312 1774 431 1850 dubiis,
450 1775 614 1840 volucrum
631 1776 720 1840 locus
737 1775 790 1839 ille
808 1773 931 1860 piarum

148 1858 272 1938 dicitur,
289 1859 526 1945 obscenaeque
544 1861 751 1947 prohibentur
768 1883 854 1925 aves.

105 1945 169 2010 illic
186 1945 314 2010 innocui
332 1945 394 2011 late
411 1957 585 2046 pascuntur
602 1948 714 2024 olores,

148 2041 180 2096 et
197 2031 292 2097 vivax
309 2031 462 2117 phoemx,
479 2033 574 2098 unica
591 2056 716 2119 semper
733 2032 810 2097 avis.

107 2114 243 2202 explicat
259 2117 330 2204 ipsa
346 2141 420 2183 suas
438 2119 503 2184 ales
520 2119 656 2183 Iunonia
672 2119 795 2204 pinnas,

148 2204 258 2268 oscula
274 2203 330 2269 dat
347 2203 463 2290 cupido
480 2205 597 2269 blanda
615 2205 762 2271 columba
779 2203 868 2268 mari.

107 2289 260 2375 psittacus
277 2289 336 2354 has
352 2289 434 2355 inter
450 2291 603 2356 nemorali
621 2291 696 2356 sedo
712 2299 859 2374 receptus

149 2376 304 2441 convertit
320 2376 466 2441 volucres
482 2377 516 2441 in
534 2399 592 2441 sua
609 2376 707 2442 verba
724 2375 803 2461 pias.

106 2482 180 2526 ossa
195 2472 227 2527 te
251 2461 276 2525 't
292 2462 448 2540 tumulus,
465 2463 607 2528 tumulus
623 2484 681 2548 pro
699 2481 830 2546 corpore
848 2480 995 2543 magnus,

148 2568 213 2632 quo
242 2548 310 2634 apis
328 2548 463 2634 exiguus
479 2571 538 2634 par
555 2548 616 2612 sibi
633 2569 760 2613 carmen
777 2545 874 2609 habet

106 2633 253 2720 ‘colligor
269 2656 309 2699 ex
326 2635 395 2719 ipso
414 2634 560 2698 dominae
576 2633 733 2719 placuisse
751 2630 927 2716 sepulchro.

148 2741 205 2784 ora
222 2719 311 2785 fuere
328 2720 406 2784 mihi
423 2720 496 2805 plus
513 2741 572 2784 ave
591 2719 685 2783 docta
700 2717 808 2801 loqui?

578 2873 656 2939 Vll.

106 2976 195 3064 Ergo
213 3000 274 3064 ego
292 2978 449 3043 sufficiam
466 2999 540 3044 reus
557 2977 591 3041 iu
609 2998 692 3041 nova
709 2974 840 3040 crimina
858 2971 1001 3058 semper?

148 3077 185 3129 ut
201 3064 342 3141 vincam,
359 3064 473 3128 totiens
491 3063 671 3128 dimicuisse
687 3062 785 3148 piget

107 3148 174 3215 sive
192 3172 252 3251 ego
269 3150 437 3215 marmorei
453 3149 578 3235 respexi
597 3170 721 3213 summa
737 3145 862 3221 theatri,

149 3235 241 3322 eligis
259 3259 277 3302 e
294 3235 417 3312 multis,
435 3236 520 3301 unde
538 3235 644 3300 dolere
662 3233 755 3299 velis:

107 3321 243 3386 candida
261 3344 317 3387 scu
334 3321 430 3385 tacito
447 3321 526 3385 vidit
544 3343 595 3385 me
612 3319 732 3385 femina
749 3317 848 3395 vultu,

148 3407 184 3471 in
200 3408 288 3472 vultu
306 3408 417 3472 tacitos
434 3406 542 3491 arguis
561 3429 629 3471 esse
647 3417 748 3469 notas.

107 3493 231 3576 siquam
249 3492 391 3569 laudavi,
410 3493 525 3557 misero
542 3491 623 3576 petis
641 3513 750 3576 ungue
768 3489 912 3574 capillos:

150 3578 177 3643 si
196 3580 304 3664 culpo,
322 3579 441 3643 crimen
463 3577 661 3642 dissimulare
678 3590 782 3660 putas.

107 3664 174 3730 sive
192 3665 295 3730 bonus
313 3666 400 3729 color
416 3677 478 3740 est,
496 3664 529 3727 in
547 3672 579 3728 te
595 3683 723 3746 quoque
740 3659 875 3745 frigidus
893 3679 972 3734 esse,

150 3773 207 3815 seu
225 3751 341 3828 malus,
359 3749 486 3815 alterius
505 3748 592 3813 dicor
609 3768 717 3812 amore
734 3745 824 3810 mori.

107 3847 204 3920 atque
221 3859 282 3923 ego
299 3836 421 3922 peccati
438 3835 552 3900 vellem
569 3833 648 3898 mihi
664 3832 809 3898 conscius
827 3851 944 3896 essemr

150 3945 253 4007 aequo
272 3921 376 3986 animo
394 3943 544 4006 poenam,
561 3920 617 4003 qui
633 3939 790 3992 meruere,
808 3916 924 3982 ferunt.

108 4031 194 4075 nunc
211 4021 328 4074 temere
346 4007 524 4082 insimulas,
542 4005 762 4087 credendoque
780 4002 886 4066 omnia
903 4000 1021 4069 frustra

150 4095 220 4180 ipsa
237 4104 326 4159 vetas
344 4094 423 4163 iram
440 4092 565 4179 pondus
582 4090 700 4167 habere
718 4104 815 4166 tuam.
