2604 4974
253 713 316 783 218
589 726 938 785 Poeruaovrnmm

296 853 428 938 vulgus:
447 874 534 916 eram
551 851 655 916 lacero
673 862 783 937 pectus
803 864 910 937 aperta
928 852 1008 916 sinu.

254 950 288 1004 111
305 939 383 1002 mihi
401 961 491 1015 cura,
508 937 635 1013 Phaon,
654 949 685 1002 15
703 937 825 1002 somnia
842 951 949 1002 nostra
966 937 1132 1014 reducunt,

296 1023 417 1088 somnia
433 1023 571 1087 formoso
591 1023 772 1087 candidiora
790 1023 850 1087 die.

188 1131 236 1179 125
255 1109 319 1174 illic
336 1122 367 1174 te
385 1107 521 1185 invenio,
539 1109 684 1192 quamvis
702 1108 883 1192 regionibus
902 1108 996 1173 absis.

296 1195 352 1260 sed
369 1217 434 1258 non
450 1195 547 1279 longa
565 1194 639 1258 satis
657 1193 775 1279 gaudia
793 1215 921 1258 somnus
939 1194 1044 1260 habet.

254 1303 349 1366 saepe
366 1292 437 1344 tuos
455 1292 563 1343 nostra
581 1280 703 1344 cervice
721 1301 850 1344 onerare
868 1281 1012 1357 lacertos,

296 1388 390 1450 saepe
409 1377 481 1430 tuae
499 1365 608 1429 videor
626 1366 829 1450 supposuisse
847 1388 943 1429 meos.

253 1452 362 1516 oscula
379 1473 550 1536 cognosco,
569 1472 652 1534 quae
670 1465 704 1514 tu
723 1451 918 1515 committere
935 1451 1063 1535 linguae

186 1540 235 1605 rto
295 1549 432 1622 aptaque
450 1558 619 1601 consueras
637 1535 793 1620 accipere,
812 1548 886 1620 apta
904 1537 988 1600 dare.

253 1623 398 1688 blandior
415 1620 574 1687 interdum
592 1621 737 1705 verisque
756 1621 914 1686 simillima
932 1623 1029 1686 verba

297 1708 442 1791 eloquor,
456 1719 487 1772 et
505 1707 638 1792 vigilant
655 1706 799 1772 sensibus
818 1729 873 1771 ora
890 1708 982 1772 meis:

252 1794 402 1859 ulteriora
418 1793 516 1878 pudet
534 1816 676 1870 narrare,
695 1792 751 1858 sed
770 1793 876 1856 omnia
893 1792 982 1867 fiunt,
1056 1796 1060 1803 '

295 1892 327 1945 et
343 1879 444 1956 iuvat,
463 1888 494 1942 et
512 1879 579 1943 sine
598 1890 629 1944 te
647 1879 800 1943 nonlicet
818 1900 887 1943 esse
905 1877 990 1942 mibi.

187 1983 235 2033 135
256 1978 288 2031 at
306 1988 379 2030 cum
396 1988 430 2030 se
448 1964 544 2029 Titan
562 1965 699 2029 ostendit
716 1976 747 2029 et
765 1964 871 2028 omnia
889 1985 1007 2040 secum,

296 2062 362 2115 tam
380 2050 441 2115 cito
459 2074 510 2115 me
528 2073 655 2115 somnos
674 2049 853 2115 destituisse
871 2070 994 2133 queror.

254 2150 344 2201 antra
361 2158 536 2219 nemusque
553 2147 641 2221 peto,
661 2148 822 2220 tamquam
840 2157 952 2201 nemus
971 2145 1122 2218 antraque
1140 2136 1272 2221 prosint:

297 2222 422 2286 conscia
440 2222 558 2286 deliciis
576 2222 630 2286 illa
647 2221 736 2287 fuere
754 2222 842 2287 meis.

253 2309 328 2372 illuc
345 2308 459 2372 mentis
477 2308 581 2391 inops,
599 2320 635 2372 ut
653 2329 749 2391 quam
766 2307 887 2372 furialis
906 2306 1059 2372 Erichtho

187 2411 236 2462 140
296 2393 415 2478 attigit,
433 2392 466 2456 in
484 2393 563 2457 collo
582 2393 667 2457 crine
684 2393 806 2458 iacente
824 2393 917 2458 feror.

253 2490 343 2544 antra
361 2479 468 2545 vident
488 2479 570 2542 oculi
589 2478 699 2542 scabro
717 2479 888 2564 pendentia
905 2479 982 2557 tofo,

297 2586 378 2648 quae
395 2563 473 2627 mihi
490 2564 660 2649 Mygdonii
677 2564 842 2628 marmoris
859 2565 958 2629 instar
976 2575 1078 2629 erant:

253 2650 379 2715 invenio
397 2650 522 2725 silvam,
542 2671 624 2733 quae
642 2672 736 2735 saepe
755 2650 872 2714 cubilia
889 2651 980 2715 nobis

231 2800 235 2807 .
295 2736 442 2822 praebuit
459 2746 490 2800 et
507 2735 607 2800 multa
624 2735 703 2801 texit
720 2757 820 2821 opaca
838 2758 938 2800 coma.

187 2836 235 2889 145
253 2831 286 2886 51
302 2842 366 2885 non
383 2821 509 2887 invenio
527 2822 688 2885 dominum
708 2822 868 2906 silvaeque
887 2843 1065 2905 meumque.

296 2908 357 2972 vile
375 2907 477 2971 solum
495 2907 584 2971 locus
602 2918 662 2971 est:
682 2908 738 2971 dos
757 2919 824 2972 erat
841 2907 893 2973 ille
911 2907 981 2972 loci.

255 2992 389 3078 cognovi
406 3015 531 3079 pressas
549 2994 616 3057 noti
634 2992 711 3056 mihi
730 2992 876 3078 caespitis
894 2992 1023 3057 herbas:

297 3078 336 3142 de
354 3091 461 3142 nostro
480 3100 612 3142 curvum
630 3079 768 3164 pondere
785 3088 916 3159 gramen
935 3090 1010 3143 erat.

253 3163 383 3228 incubui
401 3164 553 3249 tetigique
571 3164 690 3240 locum,
709 3185 773 3247 qua
790 3175 878 3249 parte
896 3163 997 3228 fuisti:

187 3250 236 3317 Ι151)
295 3260 388 3334 grata
404 3250 491 3334 prius
508 3248 654 3313 lacrimas
673 3249 824 3314 combibit
841 3249 940 3314 herba
956 3272 1053 3315 meas.

253 3336 330 3419 quin
348 3335 443 3400 etiam
460 3334 539 3399 rami
557 3335 668 3421 positis
685 3336 795 3420 lugere
814 3335 960 3400 videntur

295 3420 475 3496 frondibus,
494 3433 526 3486 51
542 3421 648 3486 nullae
667 3420 759 3486 dulce
777 3432 951 3504 queruntur
968 3444 1053 3487 aves.

253 3506 321 3570 sola
338 3506 441 3570 virum
458 3528 523 3570 non
540 3505 607 3571 ulta
625 3506 676 3592 pie
694 3506 903 3572 maestissima
920 3518 1019 3572 mater

296 3591 432 3656 concinit
448 3590 617 3656 Ismarium
634 3591 769 3657 Daulias
787 3593 852 3657 ales
870 3594 954 3678 Ityn.

186 3694 234 3744 155
253 3679 318 3742 ales
336 3677 424 3761 Ityn,
444 3675 575 3762 Sappho
594 3677 733 3742 desertos
752 3689 857 3742 cantat
875 3701 1011 3744 amores:

294 3762 446 3827 hactenus
463 3762 496 3826 in
513 3761 618 3827 media
635 3775 760 3828 caetera
776 3775 869 3828 nocte
886 3764 988 3828 silent.

252 3859 300 3912 est
316 3848 434 3912 nitidus
452 3849 613 3931 vitreoque
632 3847 734 3949 magis
751 3849 931 3934 perlucidus
950 3873 1042 3915 amne

294 3933 365 3998 fons
384 3955 485 3998 sacer:
504 3933 589 3998 huno
605 3936 697 3999 11111111
714 3957 832 4000 numen
849 3934 966 3999 habere
985 3947 1111 4021 putant:

252 4040 347 4102 quem
365 4042 461 4104 supra
478 4041 583 4084 ramos
601 4020 752 4105 expandit
769 4021 915 4104 aquatica
932 4023 1022 4098 lotos,

186 4122 234 4173 160
294 4128 358 4169 una
375 4128 502 4183 nemus;
520 4117 628 4171 tenero
647 4105 783 4191 caespite
802 4119 885 4171 terra
903 4107 991 4171 viret.

251 4189 303 4255 hic
321 4213 381 4276 ego
399 4213 471 4255 cum
489 4192 588 4256 lassos
606 4191 780 4277 posuissem
799 4191 911 4257 flebilis
930 4204 1026 4270 artus,

294 4275 435 4341 constitit
452 4288 523 4341 ante
542 4278 649 4341 oculos
666 4276 764 4341 Na'r'as
783 4300 847 4342 una
864 4300 966 4343 meos:

252 4361 390 4426 constitit
407 4372 438 4427 51
456 4361 535 4426 dixit
552 4361 716 4446 ‘quoniam
732 4384 796 4427 non
813 4362 940 4449 ignibus
958 4362 1068 4448 aequis

293 4447 408 4524 ureris,
425 4447 599 4512 Ambracia
616 4459 664 4513 est
681 4459 765 4513 terra
782 4450 918 4533 petenda
935 4449 1002 4515 tibi.

183 4548 233 4605 155
249 4531 401 4600 Phoebus
419 4532 460 4596 ab
478 4533 617 4613 excelso,
635 4545 789 4621 quantum
807 4546 909 4621 patet,
948 4534 1059 4625 aspicit
1077 4556 1210 4622 aequore
