2604 4974
334 328 500 390 unocurt
516 330 589 386 urs.
607 329 645 386 11.
663 329 701 399 n,
720 327 836 401 u-rv,
854 321 896 387 1t.
1059 311 1119 383 101

103 456 181 541 quid
198 455 305 542 dispar
323 466 481 521 certamen
498 453 579 518 inis?
609 453 666 518 tibi
683 454 814 527 verbera
831 455 913 519 victo

146 542 276 617 adsunt,
294 541 326 605 in
344 540 465 626 gremio
483 539 595 604 iudicis
612 540 666 603 illa
684 540 781 604 sedet.

105 650 169 691 non
188 627 289 692 scelus
307 626 518 711 adgredimur,
536 646 600 689 non
618 625 658 687 ad
675 625 836 691 miscenda
853 624 974 692 coimus

147 713 265 789 toxica,
283 733 347 775 non
364 711 470 775 stricto
487 710 634 774 fulminat
652 732 726 774 ense
744 734 865 775 manus.

104 798 302 881 quaerimus,
319 808 355 861 ut
373 808 440 860 tuto
458 818 514 881 per
532 806 561 860 te
580 795 735 880 possimus
753 819 873 862 amare:

148 883 225 968 quid
241 882 388 968 precibus
405 882 520 945 nostris
537 881 662 945 mollius
681 903 748 947 esse
766 883 889 967 potest?

580 1035 642 1100 III.

104 1136 145 1201 Ei
163 1138 254 1215 mihi,
271 1138 357 1222 quod
375 1137 533 1201 dominam
551 1159 610 1202 nec
627 1137 676 1201 vir
691 1161 750 1204 nec
767 1139 885 1204 femina
902 1161 1018 1215 servas,

147 1236 258 1287 mutua
274 1245 334 1288 nec
351 1222 485 1288 Veneris
502 1222 620 1307 gaudia
636 1245 728 1288 nosse
746 1224 848 1309 potes!

104 1308 159 1392 qui
177 1309 297 1393 primus
314 1309 421 1393 pueris
438 1308 587 1393 genitalia
604 1309 746 1373 membra
763 1310 888 1386 recidit,

147 1394 292 1469 vulnera,
310 1415 393 1478 quae
409 1392 499 1469 fecit,
518 1392 625 1457 debuit
642 1394 709 1479 ipse
727 1395 802 1479 pati.

105 1479 206 1543 mollis
223 1479 255 1542 in
274 1477 462 1562 obsequium
478 1477 642 1561 facilisque
661 1479 845 1564 rogantibus
864 1503 959 1554 esses,

147 1563 174 1627 si
191 1575 265 1652 tuus
281 1564 315 1627 in
332 1563 444 1647 quavis
460 1564 688 1648 praetepuisset
705 1587 803 1628 amor.

104 1670 168 1713 non
187 1660 221 1712 tu
238 1663 331 1713 natus
349 1670 441 1732 equo,
459 1670 522 1711 non
540 1649 673 1712 fortibus
691 1649 776 1713 utilis
793 1650 902 1727 armis3

146 1733 259 1798 bellica
276 1755 340 1797 non
357 1734 485 1799 dextrae
503 1735 650 1798 convenit
666 1734 757 1798 hasta
774 1744 857 1801 tuae.

104 1819 165 1882 ista
183 1841 284 1883 marea
302 1829 450 1895 tractent,
469 1830 504 1882 tu
522 1841 593 1903 spes
612 1820 734 1904 depone
752 1820 871 1885 viriles:

147 1915 221 1968 sunt
237 1902 295 1967 tibi
313 1926 385 1968 cum
404 1903 530 1967 domina
547 1904 638 1989 signa
654 1905 785 1970 ferenda
803 1918 866 1970 tua.

105 1987 186 2052 haue
203 1988 299 2074 imple
317 1989 451 2064 meritis,
468 1989 563 2053 huius
580 1989 638 2053 tibi
655 1990 759 2074 gratia
775 1991 887 2076 prosit:

147 2073 173 2137 si
192 2095 299 2139 careas
316 2074 385 2150 illa,
403 2074 474 2157 quis
491 2085 564 2138 tuus
581 2097 658 2138 usus
677 2076 754 2140 erit?

105 2169 153 2223 est
170 2159 265 2223 etiam
282 2159 389 2235 facies,
408 2171 480 2223 sunt
498 2159 563 2244 apti
580 2160 702 2225 lusibus
719 2162 807 2226 anni:

147 2244 277 2329 indigna
294 2255 342 2309 est
359 2244 450 2329 pigro
471 2245 574 2310 forma
590 2246 691 2330 perire
710 2247 781 2310 situ.

105 2329 213 2394 fallere
230 2339 262 2395 te
279 2329 395 2415 potuit,
414 2330 557 2414 quamvis
574 2330 710 2395 habeare
727 2333 891 2397 molestus:

146 2435 210 2478 non
229 2427 314 2479 caret
331 2413 460 2492 effectu,
479 2414 565 2498 quod
582 2416 709 2481 voluere
728 2416 805 2480 duol
864 2463 866 2466 ψ

106 2500 209 2585 aptius
226 2510 262 2564 ut
278 2500 373 2565 tuerit
390 2499 535 2584 precibus
554 2512 737 2586 temptasse,
754 2524 912 2587 rogamus,

148 2585 224 2649 dum
241 2585 322 2651 bens
339 2585 477 2670 ponendi
494 2608 626 2651 munera
643 2597 767 2671 tempus
785 2587 892 2652 habes.

580 2739 632 2806 IV

106 2839 179 2904 Non
197 2861 257 2925 ego
275 2839 441 2904 mendosos
460 2841 561 2905 ausim
579 2840 747 2906 defendere
765 2860 867 2907 mores

147 2925 290 3009 falsaque
307 2947 364 3010 pro
382 2926 466 2989 vitiis
484 2949 571 2990 arma
588 2949 714 2991 movere
734 2928 820 2992 meis.

105 3010 256 3075 confiteor
272 3007 391 3094 (siquid
408 3011 535 3095 prodest
553 3012 666 3076 delicta
682 3011 803 3096 fateri);

146 3095 180 3159 in
197 3117 269 3159 mea
285 3116 369 3159 nunc
387 3095 516 3160 demens
535 3097 675 3172 crimina,
692 3096 806 3174 fassus,
825 3118 872 3162 eo.

105 3181 172 3257 odi,
191 3201 250 3245 nec
266 3201 397 3264 possum
415 3181 544 3266 cupiens
561 3203 624 3246 non
643 3204 724 3256 esse,
743 3183 828 3264 quod
846 3181 907 3245 odi.

147 3267 210 3330 heu
228 3286 338 3348 quam,
356 3287 438 3349 quae
456 3267 583 3330 studeas
600 3289 731 3351 ponere,
749 3267 831 3332 ferre
847 3289 945 3352 grave
963 3265 1023 3331 esti

105 3373 179 3414 nam
197 3350 310 3415 desunt
327 3351 409 3414 vires
427 3352 468 3415 ad
485 3373 535 3415 me
552 3351 629 3416 mihi
645 3353 757 3434 iusque
774 3352 963 3437 regendum3

148 3431 275 3499 auferor
291 3446 326 3500 ut
343 3435 453 3520 rapida
471 3437 593 3501 concita
610 3437 725 3522 puppis
743 3459 835 3520 aqua.

105 3542 169 3584 non
187 3529 235 3584 est
252 3529 338 3584 certa
354 3542 442 3585 meos
460 3542 541 3604 quas
558 3521 661 3585 forma
677 3521 788 3586 invitet
805 3543 936 3586 umores.

148 3615 275 3670 centum
292 3616 365 3669 sunt
383 3627 510 3680 causae,
529 3628 585 3670 cur
602 3628 662 3691 ego
680 3629 803 3692 semper
820 3630 932 3672 amem.

105 3690 171 3754 sive
190 3689 296 3771 aliqua
313 3702 360 3753 est
378 3690 485 3754 oculos
502 3690 536 3754 in
554 3713 587 3755 se
606 3691 727 3756 deiecta
744 3692 912 3767 modestos,

148 3795 232 3850 uror,
250 3784 281 3837 et
298 3773 430 3839 insidiae
448 3786 522 3839 sunt
538 3776 640 3860 pudor
656 3777 708 3841 ille
725 3798 824 3840 meae.

105 3861 172 3924 sive
189 3879 307 3945 procax
325 3859 430 3942 aliqua
448 3871 508 3936 est,
527 3862 642 3945 capior,
660 3862 735 3944 quia
752 3860 869 3925 rustica
885 3872 1021 3939 nonest,

147 3964 301 4029 spemque
319 3943 423 4008 datin
440 3945 526 4009 molli
544 3946 668 4010 mobilis
687 3969 754 4010 esse
772 3959 849 4010 toro.

105 4052 217 4114 aspera
235 4028 262 4092 si
279 4028 346 4093 visa
363 4036 419 4094 esf
427 4029 606 4114 rigidasque
623 4031 744 4095 imitata
762 4029 907 4112 Sabinas,

147 4115 243 4193 velle,
261 4113 318 4180 sed
335 4137 374 4180 ex
393 4116 455 4180 alto
474 4115 669 4182 dissimulare
685 4126 772 4205 puto.
