2604 4974
196 742 260 808 208
536 758 570 813 Ρ.
589 759 699 816 OVIDI
714 756 877 815 NASONIS

128 900 179 950 510
238 889 285 944 001
303 880 377 944 data
393 881 476 945 nox?
502 881 613 947 dubita
629 892 722 947 nocte
739 881 846 946 venire
864 882 947 944 data

194 986 287 1050 posse
305 966 371 1050 pati
387 964 481 1031 facile
498 978 560 1044 est,
577 967 648 1043 ubi,
665 967 698 1031 ni
716 966 869 1052 sapientia
887 966 977 1042 desit,

236 1051 380 1135 protinus
397 1074 437 1116 ex
454 1050 540 1116 facili
557 1053 675 1138 gaudia
692 1053 774 1117 ferre
791 1053 874 1117 licet.

195 1146 226 1199 et
243 1136 411 1219 quisquam
428 1151 597 1223 praecepta
613 1151 717 1223 potest
735 1161 807 1202 mea
823 1139 903 1201 dura
920 1137 1054 1202 vocare?

236 1244 291 1298 en,
309 1222 405 1286 etiam
421 1234 527 1309 partes
545 1224 739 1288 conciliantis
757 1245 828 1307 ago.

126 1327 176 1375 525
194 1329 268 1371 nam
286 1307 436 1390 quoniam
453 1309 576 1373 variant
593 1309 706 1386 animi,
724 1308 916 1373 variabimus
934 1320 1026 1373 artes.

235 1392 321 1457 mille
338 1394 413 1458 mali
431 1394 566 1479 species:
585 1395 671 1459 mille
689 1395 799 1459 salutis
816 1403 918 1458 erunt.

194 1499 326 1563 corpora
343 1478 396 1542 vix
413 1478 498 1543 ferro
516 1481 674 1562 quaedam
692 1491 843 1544 sanantur
861 1491 968 1543 acuto:

235 1564 389 1629 auxilium
406 1565 512 1629 multis
531 1588 626 1630 sucus
644 1576 675 1630 et
691 1565 791 1630 herba
807 1564 877 1629 fuit.

193 1649 316 1714 mollior
333 1673 367 1714 es
384 1671 488 1734 neque
506 1651 594 1716 abira
610 1662 700 1736 potes
718 1651 905 1734 vinctusque
923 1649 1048 1726 teneris,

126 1755 176 1804 530
237 1746 270 1799 01
285 1747 341 1799 1110
358 1758 471 1800 saevus
489 1736 591 1800 Amor
608 1737 668 1800 sub
685 1737 766 1822 pede
784 1736 865 1800 oolla
882 1735 1014 1821 premit?

194 1820 302 1886 desine
318 1821 441 1885 luctari.
484 1821 623 1887 referant
640 1833 696 1886 tua
713 1823 845 1886 carbasa
862 1821 958 1895 venti,
1041 1896 1045 1903 Ι

235 1927 362 1989 quaque
379 1918 494 1971 vocant
510 1908 640 1982 fluctus,
658 1908 719 1972 hac
736 1907 794 1971 tibi
811 1929 917 1971 remus
935 1916 996 1970 eat

194 1992 350 2076 explenda
368 2005 415 2057 est
432 1992 500 2057 sitis
517 1992 578 2057 ista
595 1992 666 2070 tibi,
684 2015 749 2076 qua
766 1993 907 2078 perditus
925 1991 1028 2056 ardes.

237 2077 391 2142 cedimus:
411 2101 429 2142 e
447 2078 551 2143 medio
568 2079 632 2142 iam
648 2079 722 2143 licet
739 2101 832 2143 amne
849 2077 951 2141 bibas.

126 2184 175 2233 535
194 2162 251 2227 sed
267 2163 341 2228 bibe
358 2165 430 2249 plus
448 2165 558 2241 etiam,
577 2186 673 2248 quam
689 2164 776 2248 quod
792 2163 977 2248 praecordia
992 2172 1139 2247 poscunt,

235 2259 364 2334 gutture
381 2249 433 2314 fao
450 2252 544 2335 pleno
563 2261 689 2336 sumpta
705 2249 861 2313 redundet
878 2271 971 2332 aqua.

193 2334 356 2418 perimere
374 2357 475 2418 usque
493 2348 563 2412 tua,
581 2336 668 2400 nullo
685 2335 888 2421 prohibente,
904 2334 1027 2419 puella:

235 2421 290 2484 illa
307 2421 365 2484 tibi
381 2433 489 2486 noctes
507 2421 645 2497 auferat,
661 2421 717 2485 illa
734 2421 811 2485 dies.

194 2506 299 2571 taedia
316 2527 432 2589 quaere
450 2507 538 2570 mali:
557 2506 679 2572 faciunt
696 2518 727 2570 et
744 2506 850 2570 taedia
865 2505 971 2571 finem.

128 2613 177 2661 540
235 2593 300 2655 iam
317 2612 454 2675 quoque,
472 2614 546 2656 oum
564 2592 673 2657 credes
690 2614 784 2677 posse
802 2613 924 2667 carere,
942 2613 1044 2668 mane,

194 2677 269 2741 dum
288 2678 369 2742 bene
386 2689 418 2742 te
436 2679 578 2742 cumules
596 2689 627 2745 et
645 2678 736 2763 copia
753 2678 843 2742 tollat
860 2698 1010 2754 amorem,

236 2774 268 2827 et
285 2763 425 2828 fastidita
442 2787 506 2828 non
522 2765 611 2828 iuvet
628 2787 697 2829 esse
715 2763 819 2827 domo.
837 2799 880 2808 -

193 2848 229 2913 fit
246 2870 372 2933 quoque
389 2850 504 2936 longus
522 2873 620 2928 amor,
638 2872 734 2933 quem
752 2848 928 2913 diffidentia
944 2847 1057 2913 nutrit:

235 2934 320 2999 huno
338 2947 372 2999 tu
390 2935 417 2999 si
434 2957 568 3019 quaeres
585 2957 717 3021 ponere,
735 2957 817 3020 pone
833 2947 964 2999 metum.

126 3040 176 3088 545
194 3020 248 3104 0111
267 3020 370 3097 1111101,
389 3032 425 3085 111
442 3045 501 3085 0110
518 3022 572 3097 011,
589 3022 701 3104 nequis
719 3021 780 3084 sibi
797 3020 942 3086 detrahat
958 3019 1055 3096 illam,

235 3106 288 3171 ille
306 3105 499 3171 Machaonia
516 3107 571 3171 vix
588 3129 648 3192 ope
666 3129 762 3170 sanus
780 3106 848 3170 erit.

193 3193 266 3276 plus
284 3203 370 3256 amat
387 3215 404 3256 0
422 3193 503 3256 natis
522 3205 623 3257 mater
640 3194 827 3278 plerumque
845 3191 980 3266 duobus,

236 3299 293 3363 pro
312 3278 401 3342 0111110
419 3278 537 3355 reditu,
555 3278 641 3362 quod
657 3278 740 3364 gerit
756 3300 859 3353 arma,
877 3277 975 3341 timet.
992 3311 1037 3322 -

194 3375 242 3427 001
258 3385 356 3449 prope
375 3361 534 3428 Collinam
552 3365 705 3448 templum
722 3363 902 3427 venerabile
919 3372 1053 3447 portam,

126 3468 177 3518 550
236 3449 375 3534 inposuit
393 3450 510 3534 templo
528 3450 657 3513 nomina
674 3449 776 3513 celsus
795 3447 899 3533 Eryx:

194 3534 323 3599 estillic
340 3533 503 3599 Lethaeus
520 3536 632 3611 Amor,
651 3534 705 3616 qui
722 3545 851 3619 pectora
868 3544 960 3598 sanat

235 3620 333 3702 inque
350 3642 423 3683 suas
441 3620 580 3705 gelidam
597 3621 761 3705 lampadas
779 3618 866 3683 addit
885 3641 1010 3702 aquam.

192 3704 257 3769 illio
274 3716 306 3769 01
323 3705 453 3770 iuvenes
471 3705 552 3768 votis
570 3705 687 3769 oblivia
704 3715 850 3790 poscunt,

237 3800 269 3855 et
286 3791 378 3873 siqua
396 3803 443 3854 est
460 3790 539 3854 duro
559 3813 595 3855 oa
619 3803 651 3854 ta
667 3790 774 3874 puella
792 3790 869 3854 viro.

126 3896 176 3946 555
194 3874 221 3940 10
238 3875 316 3939 1111111
334 3875 379 3939 010
397 3875 475 3939 dixit
493 3912 536 3921 —
553 3813 677 3951 dubito,
696 3898 831 3940 verusne
852 3873 979 3960 Cupido

237 3984 278 4025 an
295 3982 424 4025 somnus
442 3961 552 4025 fuerit:
571 3962 628 4025 sed
645 3973 737 4046 puto,
756 3983 885 4025 somnus
903 3972 970 4025 erat
986 3996 1030 4005 -

195 4052 229 4110 ‘o
247 4046 303 4129 qui
321 4046 469 4111 sollicitos
487 4048 581 4111 modo
599 4047 655 4111 das
673 4047 767 4110 modo
786 4047 885 4111 demis
903 4067 1036 4124 amores,

236 4131 326 4197 adice
342 4132 519 4218 praeceptis
536 4131 598 4197 hoc
614 4153 757 4216 quoque,
774 4133 877 4208 Naso,
896 4131 969 4196 tuis.

194 4217 235 4282 ad
252 4218 337 4281 mala
354 4218 488 4302 quisque
505 4218 646 4283 animum
664 4217 780 4282 referat
797 4241 868 4282 sua:
886 4227 983 4301 ponet
1000 4239 1150 4282 amorem.

126 4322 178 4375 sao
237 4302 384 4367 omnibus
400 4304 455 4369 illa
473 4302 551 4368 deus
568 4304 681 4388 plusve
698 4303 841 4366 minusve
860 4304 955 4368 dedit.

192 4388 249 4475 qui
264 4387 381 4453 Puteal
397 4388 576 4472 Ianumque
593 4388 684 4453 timet
700 4389 881 4471 celeresque
898 4389 1074 4465 Kalendas,

77 4448 134 4648 k
235 4484 383 4557 torqueat
398 4474 484 4539 1111110
502 4474 582 4540 aeris
599 4483 710 4538 mutua
727 4496 852 4538 summa
870 4475 927 4538 sui.

135 4620 157 4648 ,ι
192 4558 246 4627 0111
263 4558 362 4627 durus
376 4572 469 4647 pater
484 4571 548 4639 est,
564 4571 601 4626 111
617 4569 692 4627 voto
710 4570 834 4627 caetera
852 4561 975 4639 cedant,
