2604 4974
303 260 510 320 unaomuu
525 260 933 319 1111.04-100.111.1-00.
1089 242 1130 311 29

148 407 277 469 quaque
294 385 368 450 licet
385 385 475 471 fugio
492 385 574 450 sicut
591 385 633 450 ab
650 384 741 452 hoste
758 385 836 473 1110.

103 493 201 556 saepe
219 471 311 535 malis
322 482 455 556 stupeo,
472 492 642 554 rerumque
661 471 758 535 oblita
770 471 899 554 'locique

147 557 262 643 ignara
279 556 369 641 tetigi
388 553 500 640 Scyria
518 556 661 621 membra
674 578 789 620 manu:

102 652 205 726 utque
222 641 313 707 10100
331 643 430 718 sensi,
447 642 531 706 mele
549 663 681 726 corpora
697 653 782 706 tacta
797 642 943 724 relinquo

149 739 182 792 et
199 727 277 791 mihi
294 727 430 811 pollutas
448 727 559 791 credor
576 727 693 791 habere
711 750 834 791 manus.

103 836 202 898 saepe
219 812 421 897 Neoptolemi
437 833 495 896 pro
513 813 639 876 nomine
656 833 773 876 nomen
791 809 915 877 Orestis

149 898 230 974 exit,
248 908 280 962 ct
297 919 435 962 errorem
452 899 538 961 vocis
555 909 592 961 ut
609 919 702 962 omen
720 919 802 961 amo.

103 1007 164 1070 per
181 1006 283 1068 genus
300 983 412 1046 infelix
429 983 499 1047 iuro
516 983 704 1068 generisque
721 994 895 1068 parentem,

148 1070 205 1153 qui
222 1069 317 1144 freta,
336 1069 391 1151 qui
408 1078 508 1132 terras
527 1087 558 1133 et
576 1091 633 1132 sua
651 1090 750 1154 regna
767 1069 883 1151 quatit:

104 1179 164 1241 per
181 1154 280 1239 patris
298 1175 372 1217 ossa
389 1154 450 1230 tui,
468 1155 573 1238 patrui
590 1153 682 1230 mihi,
700 1174 782 1236 quae
800 1153 1001 1230 sibilabant,

148 1240 236 1324 quod
253 1239 298 1304 sic
316 1240 376 1303 sub
393 1239 516 1302 tumulo
534 1239 657 1303 fortiter
674 1240 742 1302 ulta
757 1239 875 1304 iacent:

103 1338 162 1391 aut
180 1347 240 1411 ego
258 1324 452 1410 praemoriar
469 1325 634 1409 primoque
652 1325 836 1410 exstinguar
849 1325 886 1388 in
903 1346 993 1400 aevo,

149 1423 205 1476 aut
223 1431 284 1495 ego
302 1409 491 1474 Tantalidae
509 1409 652 1474 Tantalis
670 1431 751 1474 uxor
768 1410 836 1482 erol
1151 1429 1200 1478 120

588 1563 642 1628 IX

105 1667 263 1734 Gratulor
280 1663 469 1732 Oechaliam
486 1665 585 1731 titulis
603 1667 754 1731 accedere
772 1666 901 1730 nostris:
1069 1680 1200 1737 Detanira

147 1754 301 1818 victorem
319 1752 421 1816 victae
439 1752 648 1817 subcubuisse
666 1774 790 1836 queror.
1076 1750 1190 1804 Hasna

105 1839 194 1904 fama
211 1838 419 1924 Pelasgiadas
437 1837 543 1902 subito
561 1838 705 1922 pervenit
721 1838 755 1901 in
772 1837 867 1903 111100

149 1925 278 1989 decolor
295 1934 327 1989 et
344 1923 436 1988 100110
454 1923 619 1988 infitianda
636 1924 707 2000 tuis,

106 2033 203 2095 quem
220 2031 396 2094 numquam
413 2009 494 2073 Iuno
513 2010 672 2093 seriesque
689 2011 832 2075 inmensa
849 2009 994 2073 laborum
1148 2026 1164 2074 5

149 2095 295 2180 fregerit,
313 2094 387 2159 huic
404 2095 494 2160 Iolen
511 2095 687 2180 inposuisse
704 2096 826 2180 iugum.

105 2183 168 2247 boc
185 2181 263 2246 velit
279 2180 492 2265 Eurystheus,
511 2182 588 2245 velit
604 2181 665 2245 hoc
682 2204 834 2266 germana
850 2181 1005 2246 Tonantis

150 2269 296 2349 laetaque
315 2266 355 2330 sit
372 2267 456 2330 vitae
472 2266 545 2330 labe
562 2288 699 2331 noverca
716 2279 805 2332 tuae:

108 2366 142 2418 at
159 2374 224 2417 non
241 2352 294 2416 ille
313 2352 403 2428 velit,
422 2352 474 2415 eui
491 2374 555 2415 nox
573 2351 614 2435 (si
633 2353 785 2437 creditur)
804 2375 868 2416 una

149 2460 215 2502 non
232 2437 326 2514 tanti,
344 2447 380 2501 ut
397 2448 503 2501 tantus
520 2438 736 2523 conciperem,
755 2438 830 2505 11111

108 2526 180 2610 plus
199 2523 257 2587 tibi
275 2545 371 2606 quam
388 2523 485 2600 luno,
504 2524 613 2588 nocuit
630 2524 751 2590 Venus.
794 2524 850 2587 illa
864 2523 1038 2609 premendo

151 2609 293 2686 sustulit,
310 2609 390 2673 haec
406 2608 518 2674 humili
534 2609 594 2672 sub
611 2609 693 2694 pede
711 2609 792 2674 colla
808 2620 903 2673 tenet.

108 2696 231 2780 respice
249 2693 427 2758 vindicibus
443 2706 593 2780 pacatum
610 2694 730 2758 viribus
748 2695 870 2771 orbem,

151 2802 216 2864 qua
231 2780 330 2845 latam
347 2779 471 2844 Nereus
489 2781 633 2845 caerulus
651 2781 750 2844 ambit
767 2779 913 2843 humum:

110 2890 144 2933 se
161 2867 219 2930 tibi
236 2888 300 2951 pax
318 2875 435 2943 terrae,
454 2865 511 2930 tibi
528 2888 562 2930 se
579 2876 648 2930 1110
665 2886 803 2948 aequora
821 2864 951 2930 debent:

150 2951 289 3036 implesti
305 2950 424 3015 meritis
443 2949 526 3017 Solis
543 2962 710 3034 utramque
728 2952 867 3015 domum.

109 3037 195 3121 quod
212 3049 244 3101 te
261 3037 399 3101 laturum
417 3048 465 3101 001
482 3037 604 3101 caelum
622 3037 709 3122 prius
727 3037 795 3122 ipsc
813 3035 926 3100 tulisti:

151 3123 293 3187 Hercule
311 3122 474 3207 subposito
492 3122 597 3187 sidera
614 3123 702 3186 fulsit
719 3123 844 3187 Atlans.

111 3209 187 3291 quid
204 3208 266 3272 nisi
282 3207 394 3271 notitia
412 3219 459 3272 est
476 3208 590 3272 misero
608 3208 753 3290 quaesita
769 3207 894 3292 pudori,

152 3295 178 3358 si
197 3294 341 3357 cumulas
359 3294 458 3378 stupri
476 3294 561 3358 facta
577 3295 684 3379 priora
700 3294 795 3358 nota?

111 3390 181 3445 tene
199 3379 307 3444 ferunt
323 3379 467 3462 geminos
485 3380 636 3464 pressisse
654 3379 959 3463 10100110101111100,Ι

152 3488 226 3530 cum
245 3475 334 3529 tener
351 3465 385 3527 iu
403 3465 491 3528 cunis
508 3465 573 3529 iam
591 3464 668 3529 Iove
686 3465 802 3550 dignus
820 3464 909 3530 eras?

112 3550 242 3636 coepisti
259 3550 387 3627 melius,
406 3571 502 3634 quam
520 3550 646 3615 desinis.
691 3551 802 3615 ultima
818 3549 927 3635 primis

154 3636 280 3700 cedunt.
325 3636 491 3700 dissimiles
509 3635 560 3700 hic
578 3635 626 3699 vir
643 3647 675 3700 et
690 3637 744 3700 ille
783 3659 849 3700 uer.

113 3744 207 3805 quem
224 3743 289 3786 non
306 3721 392 3786 mille
409 3721 510 3798 ferae,
529 3743 624 3805 quem
641 3743 706 3785 non
724 3659 923 3787 Stbenele'u'us
941 3720 1050 3797 hostis,

152 3829 216 3871 non
235 3807 339 3891 potuit
356 3807 438 3871 Iuno
456 3807 596 3872 vinceret
615 3807 713 3871 vincit
729 3806 841 3871 Amor.

113 3904 144 3956 01
161 3892 243 3957 bene
260 3903 360 3978 nupta
377 3893 471 3969 feror,
489 3894 565 3976 quia
582 3892 727 3956 nominor
743 3893 891 3956 Herculis
909 3914 998 3968 uxor,

155 3978 259 4061 sitque
277 3999 376 4053 socer,
393 3978 511 4063 rapidis
529 3978 585 4062 qui
601 3989 691 4042 tonat
707 3978 789 4042 altus
808 3978 910 4062 equisl

114 4083 210 4150 quam
227 4064 310 4130 male
326 4064 509 4152 inaequales
528 4064 658 4129 veniunt
676 4063 717 4130 ad
734 4074 837 4131 aratra
854 4065 992 4145 iuvenci,
