2604 4974
294 287 463 346 anouun
479 289 553 343 mn.
572 289 625 343 111.
643 289 697 358 111,
716 287 818 358 rs-v,
836 286 862 342 a.

63 411 117 478 cui
133 433 267 497 peccare
285 412 372 488 licet,
391 424 503 498 peccat
521 411 635 476 minus.
673 411 749 496 'ipsa
766 421 906 496 potestas

106 497 228 561 semina
245 497 404 581 nequitiae
421 498 621 582 languidiora
638 497 724 561 facit.

65 582 189 659 desine,
207 583 301 647 crede
319 583 411 661 mihi,
430 585 507 648 vitia
524 583 653 648 inritare
671 583 823 649 vetando:

108 667 261 752 obsequio
279 669 387 734 vinces
406 670 510 755 aptius
528 669 582 734 illa
599 680 665 733 tuo.

64 753 133 818 vidi
150 775 211 840 ego
230 776 333 838 nuper
350 776 468 838 equum
486 767 596 820 contra
613 777 672 818 sua
689 754 794 818 vincla
811 762 956 818 tenacem

107 862 162 904 ore
180 840 347 904 reluctanti
364 841 507 905 fulminis
524 842 570 905 ire
588 841 698 904 modo:

65 925 219 1001 constitit,
238 938 273 990 ut
290 927 429 1010 primum
447 948 612 992 concessas
630 926 729 992 sensit
746 926 897 1004 habenas,

106 1011 261 1095 frenaque
279 1012 313 1075 in
330 1011 434 1077 effirsa
451 1013 524 1077 laxa
541 1013 644 1077 iacere
661 1013 747 1077 iuba.

62 1095 195 1160 nitimur
212 1098 244 1161 in
262 1098 396 1162 vetitum
413 1121 539 1184 semper
556 1098 764 1184 cupimusque
782 1110 908 1184 negata.

107 1182 153 1247 sic
170 1183 345 1248 interdictis
362 1184 505 1249 imminet
523 1207 619 1270 aeger
634 1183 736 1268 aquis.

63 1280 192 1334 centum
210 1269 313 1334 fronte
332 1271 455 1346 oculos,
474 1280 601 1336 eentum
619 1270 742 1335 cervice
759 1270 891 1355 gerebat

106 1355 233 1440 Argus:
253 1355 359 1419 ethos
377 1379 461 1421 unus
480 1378 574 1441 saepe
591 1355 706 1421 fefellit
722 1356 834 1419 Amor.

64 1438 98 1504 in
115 1440 290 1504 thalamum
309 1440 423 1506 Danai}
440 1442 524 1506 ferro
542 1463 684 1525 saxoque
701 1464 873 1527 perennem

106 1547 191 1609 quae
208 1527 313 1591 fuerat
331 1528 421 1612 virgo
439 1528 568 1603 tradita,
588 1539 689 1592 mater
706 1540 787 1592 erat:

63 1611 227 1697 Penelope
244 1612 360 1677 mansit
365 1660 375 1690 ,
392 1613 538 1697 quamvis
557 1614 687 1678 custode
705 1614 843 1690 carebat,

105 1698 188 1762 inter
206 1710 252 1762 tot
268 1698 400 1764 iuvenes
417 1698 605 1765 intemerata
622 1721 745 1784 procos.

63 1783 220 1870 quidquid
238 1796 391 1861 servatur,
410 1786 555 1871 cupimus
574 1786 692 1871 magis;
711 1786 844 1870 ipsaque
862 1785 966 1850 furem

105 1892 183 1934 cura
201 1882 303 1936 vocat.
347 1872 457 1955 pauci,
475 1872 562 1956 quod
580 1871 653 1937 sinit
671 1873 760 1946 alter,
779 1882 896 1936 amant.

62 1978 122 2021 neo
139 1955 222 2020 facie
239 1957 344 2042 placet
360 1957 414 2022 illa
432 1980 505 2035 sua,
523 1959 580 2022 sed
598 1979 705 2023 amore
723 1957 841 2022 mariti:

104 2042 213 2106 nescio
231 2043 323 2125 quid,
342 2044 428 2126 quod
445 2055 477 2108 te
496 2045 630 2130 ceperit,
649 2067 718 2110 esse
735 2054 858 2129 putant.

62 2149 126 2194 non
144 2126 312 2213 probalit,
331 2150 428 2212 quam
446 2130 494 2194 vir
512 2142 632 2206 servat,
650 2130 707 2195 sed
725 2130 869 2195 adultera
887 2151 970 2194 cara.

104 2214 174 2313 ipse
192 2214 286 2277 timor
302 2215 440 2299 pretium
458 2237 590 2301 corpore
607 2217 710 2280 maius
728 2214 836 2281 habet

62 2298 227 2384 indignere
244 2299 332 2365 licet:
351 2301 440 2365 iuvat
457 2301 642 2367 inconcessa
659 2302 820 2387 voluptas:

104 2387 173 2449 sola
190 2385 308 2470 placet,
328 2386 453 2451 ‘timeo’
473 2388 577 2452 dicere
595 2388 688 2472 siqua
705 2399 819 2473 potest

62 2493 121 2538 nec
139 2483 247 2538 tamen
264 2471 437 2559 ingenuam
454 2472 504 2539 ius
523 2485 571 2539 est
588 2496 715 2540 servare
733 2475 882 2559 puellam.

104 2559 156 2623 hic
174 2579 278 2624 metus
296 2570 445 2625 externae
463 2582 596 2645 corpora
612 2559 716 2646 gentis
735 2570 820 2645 agat.

62 2645 182 2710 scilicet
199 2657 235 2709 ut
252 2645 351 2731 possit
370 2657 477 2711 custos
496 2646 584 2731 ‘ego’
604 2647 708 2711 dicere
727 2645 830 2723 ‘feci',

42 2740 47 2756 “
102 2732 136 2795 in
154 2731 283 2795 laudem
300 2732 383 2797 servi
401 2743 488 2797 casta
506 2733 547 2797 sit
563 2732 618 2797 illa
635 2732 701 2797 tui?

61 2818 197 2881 rusticus
215 2827 263 2882 est
280 2817 430 2895 nimium,
448 2841 542 2903 quem
561 2819 657 2883 laedit
676 2819 820 2882 adultera
837 2816 986 2893 coniunx,

103 2914 136 2968 et
152 2913 245 2966 notos
264 2925 368 2968 mores
384 2927 448 2968 non
467 2905 542 2969 satis
561 2905 648 2968 urbis
666 2904 773 2980 habet,

60 2989 93 3052 in
112 3011 177 3072 qua
194 2988 293 3052 Marti
317 3011 396 3054 errae
413 3013 478 3054 non
496 3002 570 3054 sunt
587 2991 656 3055 sine
674 2989 803 3054 crimine
821 2988 888 3053 nati

104 3074 262 3138 Romulus
309 3075 397 3140 iades
415 3076 596 3160 lliadesque
614 3077 748 3141 Remus.

60 3180 125 3243 quo
143 3159 201 3224 tibi
218 3160 406 3238 formosam,
425 3163 533 3226 sinon
551 3163 611 3226 nisi
630 3174 718 3226 casta
736 3160 902 3247 placebat?

103 3268 168 3309 non
186 3259 319 3330 possunt
336 3247 408 3312 ullis
425 3248 487 3312 ista
505 3249 589 3314 coire
606 3248 719 3313 modis.

61 3331 89 3396 si
106 3332 206 3417 sapis,
223 3331 354 3417 indulge
373 3332 519 3398 dominae
536 3334 705 3417 vultusque
723 3355 850 3398 severos

105 3439 203 3494 exue,
220 3440 280 3482 neo
297 3419 392 3503 rigidi
408 3419 479 3483 iura
497 3432 585 3486 tuere
602 3419 671 3496 viri,

61 3520 93 3568 et
111 3505 180 3568 cole
198 3524 278 3587 quos
297 3504 419 3569 dederit
436 3504 567 3586 (multos
585 3505 688 3588 dabit)
706 3527 787 3569 uxor
803 3503 937 3568 amicos:

103 3589 208 3675 gratia
225 3589 271 3654 sic
288 3591 417 3653 minimo
435 3612 553 3675 magna
569 3591 679 3655 labore
697 3592 793 3656 venit.

62 3675 108 3740 sic
124 3674 243 3761 poteris
260 3675 411 3740 iuvenum
430 3676 575 3741 convivia
592 3698 718 3825 semper
733 3677 812 3740 inire

104 3773 152 3838 et,
170 3782 253 3845 quae
270 3783 334 3825 non
353 3761 491 3840 dederis,
509 3762 609 3827 multa
627 3763 659 3826 vi
682 3785 734 3829 ere
753 3761 847 3826 domi.

552 3916 593 3982 V.

61 4018 153 4087 ‘Nox
170 4030 254 4097 erat,
272 4030 305 4086 et
321 4041 451 4084 somnus
469 4019 570 4084 lassos
587 4017 744 4083 summisit
761 4018 892 4084 ocellos:

105 4116 285 4172 terruerunt
302 4107 443 4174 animum
461 4106 536 4173 talia
554 4104 623 4171 visa
639 4127 756 4171 meum.
844 4178 847 4183 ,
904 4176 909 4182 ,
953 4180 958 4193 ί

1030 267 1092 336 123

1110 514 1142 562 10
