2604 4974
274 251 390 306 ARTIS
408 251 636 308 AMATORIAE
653 250 725 306 LIB.
745 251 782 306 II.
802 251 895 306 6—93.
1035 234 1095 298 161

19 438 72 448 f.
89 437 98 440 „
119 373 244 439 nescius
262 373 340 439 11555
357 375 475 440 5155115
493 399 581 440 arma
597 384 707 460 parata
726 375 800 439 suis.
1118 392 1150 440 55

77 459 128 522 551
146 470 235 544 pater
253 459 330 523 ‘his’
348 459 451 542 inquit
468 462 584 545 ‘patria
602 472 650 525 555
667 461 813 526 5115115115
831 458 954 534 earinis,

120 544 179 609 1155
196 545 288 609 551115
309 545 418 609 Minos
436 544 636 631 effugiendus
654 568 724 632 ope.

78 635 152 694 ae'ra
168 652 232 693 non
249 631 352 714 potuit
369 630 492 708 Minos,
510 632 572 695 alia
589 631 695 696 omnia
712 631 840 695 clausit:

120 736 214 798 quem
231 717 319 792 11555,
338 715 473 780 15155515
492 723 565 782 5515
582 740 694 802 rumpe
712 716 801 781 meis.

77 801 134 865 sed
152 801 210 864 tibi
226 823 291 864 non
307 801 565 886 virgojfegeaea
581 823 749 885 comesque
766 802 888 866 Bootae
1117 820 1149 868 55

120 880 246 971 enslger
276 885 380 953 Orion
406 888 605 972 aspiciendus
624 889 696 953 erit:
812 889 1021 977 5551655151,

78 994 129 1036 me
146 971 251 1056 pinnis
270 964 389 1037 scolare
408 973 505 1050 datis,
525 995 584 1058 ego
601 974 749 1058 praevius
766 973 835 1038 ibo:
904 964 990 1017 ΜΝ

121 1057 162 1121 515
179 1068 235 1121 555
252 1079 328 1122 5515
346 1059 449 1140 sequi,
467 1082 518 1122 me
537 1060 617 1123 duce
635 1070 722 1123 tutus
741 1059 811 1124 eris.

78 1143 237 1207 55155115
256 1143 410 1207 aetherias
428 1144 531 1207 vicino
550 1145 616 1208 sole
633 1167 690 1229 per
708 1167 801 1208 auras

121 1227 251 1304 ibimus,
269 1228 426 1313 inpatiens
444 1251 517 1294 5515
534 1217 646 1294 5516115
664 1229 737 1294 erit:

79 1313 146 1378 sive
164 1313 299 1378 humiles
315 1313 462 1399 propiore
479 1313 560 1379 frdto
577 1314 764 1379 iactabimus
782 1315 858 1391 alas,

122 1399 248 1463 mobilis
266 1398 431 1482 aequoreis
448 1399 546 1485 pinna
561 1394 722 1465 maddsoet
739 1400 839 1482 aquis.

79 1485 162 1549 inter
178 1495 349 1568 utrumque
366 1485 448 1549 vola.
492 1496 604 1550 ventos
621 1506 764 1569 quoque,
782 1496 870 1561 5555,
888 1484 1008 1561 5115555,

10 1591 250 1653 ,,,ᾼ1555115
268 1571 371 1634 ferent
389 1593 499 1647 55155,
518 1571 588 1636 1515
605 1571 744 1636 secunda
762 1571 856 1635 dato'

81 1657 157 1721 dum
175 1667 296 1733 monet,
315 1666 402 1741 aptat
420 1677 499 1740 opus
516 1678 615 1741 puero
633 1666 848 1738 monstratque
865 1654 996 1734 moveri,
1120 1675 1152 1724 65

124 1732 226 1806 enidit
243 1741 382 1805 infirmas
400 1753 436 1806 ut
454 1765 512 1806 sua
528 1754 628 1807 mater
644 1755 729 1806 5155.
851 1737 1006 1799 Mae&

79 1827 154 1891 inde
172 1827 232 1891 sibi
249 1827 349 1892 factas
367 1826 483 1892 umeris
502 1829 720 1894 accommodat
737 1829 819 1905 alas}

123 1934 242 1997 perque
259 1935 378 1977 novum
396 1913 503 1979 timide
522 1935 653 2000 corpora
669 1912 765 1978 1111155
781 1913 850 1978 iter.
988 1922 1091 1983 pom

81 1999 208 2082 iamque
225 1999 387 2062 volaturus
405 2021 502 2084 parvo
521 2000 608 2064 dedit
625 2000 733 2064 oscula
749 2010 853 2102 5555,

125 2105 185 2148 555
201 2084 321 2168 patriae
339 2084 484 2151 lacrimas
502 2085 685 2151 continuere
703 2072 818 2170 genafei
837 2076 864 2104 ⁴''

81 2180 187 2234 515555
205 2170 312 2243 minor¹
325 2170 426 2246 collis,
446 2171 565 2255 campis
583 2182 648 2235 erat
667 2171 759 2234 altior
775 2170 898 2254 aequis:

123 2256 197 2320 hinc
215 2256 289 2319 data
306 2266 379 2319 sunt
395 2257 529 2321 miserae
546 2278 678 2342 corpora
696 2257 770 2320 bina
786 2255 893 2341 fugae.

83 2353 114 2406 55
131 2352 238 2405 155155
255 2342 323 2426 ipse
341 2365 415 2406 suas
434 2353 466 2406 et
486 2342 552 2406 nati
570 2342 697 2428 respicit
714 2342 781 2406 5155

125 2426 289 2495 Daedalus
308 2438 340 2491 et
357 2449 468 2492 cursus
486 2426 620 2492 sustinet
637 2448 738 2511 usque
756 2449 840 2491 suos.

81 2513 208 2595 iamque
226 2534 342 2577 novum
363 2512 498 2577 delectat
514 2514 583 2591 iter,
600 2513 767 2598 positoque
785 2511 896 2577 timore

120 2599 235 2687 1551115
253 2598 365 2662 audaci
382 2598 494 2662 fortius
512 2609 578 2663 arte
597 2600 691 2663 15155
770 2666 773 2671 ,

83 2683 141 2747 1155
159 2683 288 2767 aliquis,
306 2685 441 2749 tremula
459 2685 535 2748 dum
554 2696 660 2770 captat
677 2675 830 2749 arundine
847 2683 961 2769 pisces,

126 2768 219 2845 vidit,
238 2779 270 2833 et
287 2768 447 2854 inceptum
466 2769 577 2834 dextra
593 2769 720 2853 reliquit
738 2792 828 2854 opus.

82 2856 147 2918 iam
166 2852 278 2920 Samos
297 2880 316 2920 a
333 2855 438 2930 laeva,
456 2890 500 2902 —
516 2856 642 2920 fuerant
658 2855 832 2940 Naxosque
851 2854 978 2922 relictae

127 2950 158 3003 et
175 2940 276 3003 Paros
294 2950 325 3004 et
343 2937 450 3005 Clario
467 2940 567 3005 Delos
585 2952 690 3005 551555
707 2940 768 3005 deo
784 2977 828 2988 -

85 3026 196 3091 dextra
214 3025 400 3110 Lebynthos
417 3037 485 3091 erat
502 3025 652 3110 silvisque
670 3027 820 3091 umbrosa
838 3024 994 3113 Calymne

127 3110 291 3194 cinctaque
309 3111 440 3195 piscosis
457 3113 654 3198 Astypalaea
670 3135 691 3216 p
712 3111 770 3190 dis,

85 3218 158 3277 oum
168 3218 263 3296 puer,
281 3196 416 3261 incautis
434 3197 565 3262 nimium
584 3184 702 3264 5515115
719 3198 767 3262 ’115
785 3199 886 3275 55515,

128 3283 222 3346 515155
240 3281 305 3366 egit
321 3281 382 3346 iter
400 3282 600 3367 deseruitque
616 3296 748 3369 patrem.

84 3366 189 3433 vincla
206 3367 328 3444 labant,
347 3378 379 3432 et
397 3369 546 3451 cera’ded
563 3366 714 3456 propiorel
726 3370 882 3453 liquescit,

128 3474 188 3518 nec
205 3456 315 3517 tenues
330 3461 443 3529 ,ventos
462 3454 609 3519 bracchia
626 3466 712 3519 mota
729 3466 847 3521 tenent.

87 3539 213 3605 territus
232 3562 251 3603 a
268 3560 391 3602 summo
409 3539 553 3625 despexit
568 3541 601 3604 in
620 3562 759 3624 aequora
776 3541 878 3606 555151

129 3646 230 3707 55115
250 3624 309 3688 5115
327 3623 442 3709 pavido
460 3627 546 3691 venit
563 3626 675 3690 oborta
692 3638 789 3691 51555.

87 3696 200 3775 55111111
243 3720 378 3775 5551551
397 3710 498 3775 nudos
516 3710 617 3795 quatit
634 3711 687 3777 ille
703 3712 837 3777 lacertos

130 3806 162 3860 55
179 3795 329 3880 trepidat,
347 3817 406 3859 555
424 3815 487 3877 quo
506 3796 698 3862 sustineatur
715 3796 820 3862 habet

88 3880 206 3946 decidit
223 3893 318 3964 atque
336 3881 452 3945 cadens
470 3888 575 3967 ‘pater
591 3904 622 3958 o,
639 3894 738 3967 pater,
757 3881 913 3946 auferorl’
931 3882 1042 3966 inquit.
1149 3934 1152 3938 ,

132 3967 312 4031 5155551555
329 3966 444 4030 virides
462 3990 517 4032 ora
533 3968 691 4052 loquentis
708 3989 820 4051 aquae.

90 4065 121 4117 at
139 4062 229 4138 pater
245 4050 368 4130 infelix,
387 4073 445 4117 555
462 4053 525 4117 1515
541 4063 642 4139 peter,
661 4052 794 4119 ‘Icarei'
814 4053 938 4130 clamat,

142 4153 200 4200 01111
210 4152 249 4196 voc.
258 4152 277 4197 1.
906 4154 939 4210 11
