2604 4974
213 717 255 791 78
547 737 893 798 nominamus

144 885 194 934 200
253 862 382 949 ignaros
399 862 512 948 culpae
528 862 706 949 quos'facis
722 886 793 928 esse
809 864 904 929 tuae?

211 960 244 1015 et
261 972 318 1014 cur
333 948 497 1035 ignorent?
531 949 625 1014 matri
640 949 715 1013 licet
730 949 837 1013 omnia
853 973 978 1029 narres3

253 1036 298 1099 nil
314 1045 385 1112 tua,
404 1031 566 1120 Cydippe,
583 1034 669 1100 facta
684 1034 810 1100 ruboris
826 1035 955 1101 habent.

211 1120 321 1186 ordine
338 1120 391 1185 fac
407 1119 542 1198 referas,
559 1132 596 1186 ut
611 1120 656 1184 sis
672 1120 752 1184 mihi
768 1120 896 1205 cognita
912 1123 1061 1206 primum,

254 1228 344 1271 sacra
360 1205 561 1292 pharetratae
577 1205 654 1270 dum
671 1205 752 1270 facis
768 1205 839 1290 ipsa
855 1206 945 1283 deae,

144 1311 193 1362 205
211 1303 248 1357 ut
263 1303 296 1357 te
314 1302 484 1378 conspecta
500 1291 621 1367 subito,
639 1290 666 1354 si
682 1291 765 1356 forte
781 1292 909 1369 notasti,

254 1377 423 1443 restiterim
439 1377 511 1440 fixis
527 1377 561 1441 in
577 1388 634 1441 tua
650 1376 793 1441 membra
809 1378 911 1462 genis,

211 1474 257 1541 et,
274 1475 307 1529 te
324 1464 401 1528 dum
416 1463 550 1527 nimium
567 1461 674 1539 miror,
691 1497 735 1508 -
750 1474 827 1527 nota
844 1476 931 1529 certa
947 1463 1064 1530 furoris
1079 1501 1122 1513 --

253 1549 427 1615 deciderint
442 1549 561 1612 umeris
578 1548 674 1633 pallia
690 1548 780 1633 lapsa
796 1548 891 1613 meis:

211 1635 378 1721 postmodo
394 1633 501 1699 nescio
517 1655 583 1718 qua
599 1633 724 1699 venisse
740 1633 880 1699 volubile
897 1636 1027 1712 malum,

144 1740 194 1790 210
254 1721 352 1785 verba
369 1719 474 1784 ferens
492 1719 593 1784 doctis
609 1718 761 1783 insidiosa
776 1719 876 1784 notis:

210 1807 296 1890 quod
312 1805 389 1889 quia
403 1805 446 1869 sit
461 1806 579 1871 lectum
596 1815 706 1869 sancta
722 1816 887 1890 praesente
904 1804 1022 1884 Diana,

254 1915 323 1957 esse
341 1902 431 1956 tuam
447 1890 585 1956 vinctam
602 1889 733 1955 numine
750 1901 831 1956 teste
847 1891 953 1956 fidem.

211 2001 252 2044 ne
269 1989 376 2042 tamen
393 1977 518 2062 ignoret
535 1976 644 2062 scripti
661 1975 818 2041 sententia
834 1997 917 2060 quae
933 1977 985 2054 sit,

253 2063 336 2128 lecta
352 2063 411 2127 tibi
427 2062 588 2147 quondam
604 2084 690 2126 nunc
707 2082 835 2145 quoque
852 2062 949 2128 verba
965 2063 1059 2129 refer.

144 2167 193 2215 215
214 2150 327 2225 ‘nube‚
345 2148 476 2234 precor,'
494 2148 579 2213 dicet
596 2147 664 2212 ‘cui
680 2158 712 2212 te
730 2148 815 2211 bona
830 2148 962 2213 numina
977 2148 1130 2235 iungunt:

254 2256 349 2318 quem
366 2233 435 2298 fore
451 2233 576 2310 iurasti,
593 2233 636 2297 sit
652 2255 751 2318 gener
767 2233 820 2298 ille
838 2233 924 2298 mihi.

212 2320 354 2404 quisquis
371 2320 399 2384 is
417 2330 480 2397 est,
497 2320 635 2404 placeat,
654 2318 802 2401 quoniam
819 2319 923 2403 placet
939 2329 1013 2386 ante
1028 2319 1176 2387 Dianae?

254 2406 326 2469 talis
343 2404 403 2470 erit
418 2416 528 2480 mater,
546 2404 574 2468 si
591 2403 686 2468 modo
704 2415 806 2468 mater
823 2404 892 2469 erit

212 2490 269 2556 sed
285 2501 393 2556 tamen
410 2501 443 2554 et
459 2500 604 2572 quaerat,
622 2488 694 2572 quis
711 2489 771 2554 sim
788 2490 964 2574 qualisque.
998 2490 1120 2559 videto:

145 2595 195 2644 220
254 2576 393 2641 inveniet
410 2575 501 2640 vobis
519 2575 714 2640 consuluisse
732 2576 834 2640 deam.

212 2662 316 2726 insula
334 2658 478 2746 Coryciis
495 2661 656 2743 quondam
674 2661 878 2726 celeberrima
893 2661 1041 2748 nymphis

255 2747 393 2833 cingitur
408 2747 556 2832 Aegaeo,
574 2747 701 2811 nomine
720 2745 802 2823 Oea,
819 2747 914 2811 mari:

213 2833 267 2898 illa
283 2833 361 2897 mihi
378 2832 481 2918 patria
497 2843 555 2896 est
598 2854 674 2909 nec,
692 2833 719 2896 si
734 2853 890 2918 generosa
906 2833 1046 2918 probatis

255 2919 396 2995 nomina,
415 2917 571 3003 despectis
590 2940 706 3003 arguor
723 2929 809 2982 ortus
827 2919 905 2982 avis.

146 3022 195 3072 225
213 3016 286 3069 sunt
304 3015 336 3069 et
353 3025 428 3088 opes
446 3003 554 3081 nobis,
571 3015 646 3067 sunt
663 3016 695 3068 et
712 3004 779 3068 sine
796 3003 926 3069 crimine
943 3027 1061 3071 mores:

254 3089 391 3176 amplius
408 3100 507 3173 utque
524 3089 617 3166 nihil,
636 3111 686 3153 me
703 3089 762 3152 tibi
777 3089 882 3174 iungit
898 3112 996 3155 amor.

212 3188 378 3277 appeteres
395 3176 491 3241 talem
509 3176 560 3240 vel
576 3197 642 3240 non
657 3176 761 3239 iurata
777 3177 939 3240 maritum:

254 3273 376 3327 iuratae
394 3263 445 3326 vel
462 3283 527 3327 non
544 3261 616 3326 talis
633 3260 799 3325 habendus
815 3276 893 3326 erat.

212 3349 291 3414 haec
307 3348 366 3412 tibi
383 3369 434 3411 me
450 3347 484 3410 in
501 3347 619 3411 somnis
636 3345 803 3412 iaculatrix
819 3346 957 3412 scribere
973 3346 1116 3426 Phoebe,

145 3452 195 3503 230
254 3433 333 3498 haec
351 3433 409 3496 tibi
426 3455 478 3496 me
494 3433 623 3517 vigilem
640 3433 777 3497 scribere
794 3432 885 3496 iussit
903 3433 1018 3497 Amor:

212 3544 230 3586 e
248 3519 364 3604 quibus
382 3517 511 3583 alterius
527 3517 605 3581 mihi
622 3518 687 3582 iam
703 3539 840 3582 nocuere
857 3518 1001 3604 sagittae,

254 3605 382 3670 alterius
399 3613 534 3668 noceant
551 3626 592 3669 ne
610 3603 667 3667 tibi
683 3604 761 3680 tela,
779 3625 866 3668 eave.

211 3693 319 3757 iuncta
336 3691 422 3754 salus
439 3701 547 3753 nostra
564 3700 627 3766 est,
644 3689 791 3754 miserere
809 3689 934 3772 meique
951 3689 1071 3773 tuique.

254 3777 331 3861 quid
349 3775 475 3840 dubitas
493 3797 590 3839 unam
607 3775 690 3840 ferre
708 3774 832 3840 duobus
851 3775 963 3860 opem?

145 3882 194 3931 235
213 3863 298 3948 quod
315 3862 343 3926 si
360 3861 541 3946 eontigerit,
559 3882 633 3926 cum
649 3861 713 3924 iam
730 3861 805 3925 data
822 3860 913 3946 signa
930 3862 1089 3927 sonabunt

255 3949 415 4031 tinctaque
432 3946 539 4012 votivo
557 3947 711 4032 sanguine
727 3946 828 4012 Delos
846 3947 914 4024 erit,

214 4057 310 4099 aurea
326 4044 462 4119 ponetur
478 4032 553 4096 mali
570 4032 671 4097 felicis
688 4033 805 4116 imago,

256 4141 415 4202 causaque
432 4117 596 4182 versiculis
614 4118 731 4203 scripta
748 4117 872 4182 duobus
891 4117 963 4182 erit:

214 4205 334 4291 ‘effigie
352 4204 438 4289 pomi
455 4214 588 4268 testatur
604 4203 761 4268 Acontius
779 4202 881 4281 huius,

147 4309 197 4359 240
256 4312 338 4375 quae
356 4289 473 4355 fuerint
490 4289 524 4352 in
541 4310 580 4353 eo
597 4289 728 4374 scripta,
746 4288 845 4353 fuisse
862 4287 950 4353 rata?

213 4375 338 4462 longior
354 4375 514 4440 infirmum
530 4397 571 4438 ne
588 4374 685 4439 lasset
701 4373 836 4459 epistula
854 4396 978 4458 corpus,

257 4463 428 4548 clausaque
446 4472 597 4527 consueto
614 4459 655 4526 sit
671 4459 729 4528 tibi
746 4460 822 4527 fine:
840 4459 924 4530 vale!
