2604 4974
311 246 516 304 HEBOIDUM
531 247 584 303 111.
602 247 748 304 lla-154.
766 249 816 305 lv.
836 249 929 304 1—49.
1093 232 1132 298 11

149 368 277 458 inspicit
294 380 441 456 acceptas
458 370 558 435 hostis
576 370 617 435 ab
633 370 725 436 hoste
742 382 845 436 notas.

104 474 156 524 ter
172 469 280 524 tecum
298 469 409 523 conata
427 457 529 541 loqui,
548 467 596 522 ter
612 457 733 521 inutilis
751 458 854 523 haesit

150 543 275 629 lingua,
293 554 341 608 ter
357 542 391 606 in
407 542 510 628 primo
528 541 648 607 destitit
665 564 719 607 ore
738 566 844 608 sonus.

106 650 172 714 qua
189 631 264 694 licet
281 641 314 693 et
330 629 483 712 sequitur,
501 627 606 714 pudor
623 639 671 692 est
688 629 869 696 miscendus
887 631 997 695 amori.

150 716 256 780 dicere
273 736 356 799 quae
373 714 502 799 puduit,
520 714 657 779 scribere
674 715 767 779 iussit
784 738 882 780 amor.
1152 733 1185 783 10

106 801 264 886 quidquid
280 802 384 864 Amor
400 800 506 877 iussit,
524 822 589 864 non
607 810 655 864 est
672 814 873 867 contemnere
891 811 1010 866 tutum:

150 897 264 973 regnat
280 896 312 951 et
328 885 362 949 in
380 885 523 949 dominos
540 885 590 950 ius
608 885 706 951 habet
720 887 773 951 ille
792 887 879 952 deos.

107 972 162 1038 ille
179 972 258 1036 mihi
297 971 378 1036 rimo
396 970 554 1035 dubitanti
572 971 709 1037 scribere
728 972 807 1036 dixit

150 994 391 1123 ‘seribeldabit
408 1056 508 1122 victas
525 1057 648 1122 ferreus
665 1057 718 1123 ille
735 1059 870 1123 manus!

108 1144 206 1222 adsit,
224 1154 257 1209 et
273 1153 310 1208 ut
326 1152 450 1208 nostras
467 1142 561 1207 avido
579 1143 667 1208 fovet
683 1143 758 1229 igne
775 1145 942 1222 medullas,

149 1231 229 1316 figat
246 1229 292 1294 sic
309 1229 431 1294 animos
447 1229 482 1292 in
499 1252 571 1294 mea
588 1240 664 1293 vota
680 1241 762 1294 tuos.

106 1337 172 1381 nou
189 1337 250 1402 ego
268 1315 409 1398 nequitia
427 1314 556 1379 socialia
572 1314 703 1380 foedera
719 1339 883 1402 rumpam:

149 1402 237 1466 fama
254 1398 364 1485 (velim
381 1401 531 1486 quaeras)
549 1400 679 1466 crimine
697 1413 805 1466 nostra
822 1413 924 1468 vacat.

108 1488 194 1553 venit
211 1508 300 1552 amor
316 1486 461 1572 gravius,
480 1508 544 1570 quo
562 1486 673 1551 serius.
717 1488 839 1552 urimur
855 1490 955 1554 intus:

149 1573 282 1651 urimur,
300 1588 333 1638 et
350 1594 480 1639 caecum
497 1583 626 1657 pectora
643 1573 760 1638 vulnus
776 1572 903 1639 habent.

107 1660 229 1724 scilicet
246 1669 282 1722 ut
299 1669 424 1724 teneros
442 1659 573 1723 laedunt
588 1658 666 1744 iuga
683 1660 786 1745 prima
803 1660 964 1738 iuvencos,

149 1745 304 1829 frenaque
322 1745 376 1808 vix
392 1744 512 1829 patitur
523 1745 568 1809 de
586 1767 685 1830 grege
703 1757 814 1831 captus
833 1769 943 1831 equus,

108 1832 154 1896 sic
170 1831 254 1896 male
271 1830 389 1915 vixque
406 1830 493 1894 subit
509 1831 627 1916 primos
645 1832 724 1897 rude
741 1844 853 1917 pectus
872 1855 1006 1911 amores,

150 1917 338 2000 sarcinisque
354 1916 434 1982 haec
451 1916 557 1981 animo
575 1939 639 1981 non
657 1919 746 1984 sedet
764 1930 839 2004 apta
855 1941 937 1985 meo.

107 2027 160 2068 ars
176 2003 228 2082 fit,
246 2003 302 2067 ubi
320 2026 340 2067 a
357 2002 473 2067 teneris
491 2002 610 2068 crimen
627 2004 820 2069 condiscitur
837 2005 943 2070 annis:

151 2110 234 2175 quae
252 2089 339 2154 venit
356 2099 467 2154 exacto
485 2099 642 2174 tempore,
660 2090 751 2175 peius
769 2102 864 2156 amat.

106 2188 143 2242 tu
160 2197 245 2240 nova
263 2185 407 2241 servatae
424 2197 535 2261 carpes
552 2175 705 2240 libamina
721 2175 837 2253 famae,

150 2272 184 2327 et
200 2263 318 2362 pariter
333 2272 479 2326 nostrum
495 2261 550 2326 fiet
566 2273 700 2345 uterque
717 2285 845 2328 nocens.

106 2360 158 2414 est
175 2346 310 2431 ahquid,
327 2347 430 2433 plenis
447 2346 590 2433 pomaria
608 2370 738 2433 carpere
755 2348 851 2414 ramis

151 2444 185 2499 et
201 2433 289 2498 tenui
306 2433 440 2518 primam
457 2433 604 2519 delegere
622 2457 730 2519 ungue
748 2457 863 2500 rosam.

105 2521 135 2584 si
153 2531 262 2584 tamen
278 2519 331 2584 ille
348 2518 443 2619 prior,
461 2540 525 2603 quo
542 2543 594 2585 me
612 2520 679 2585 sine
698 2521 828 2586 crimine
845 2521 940 2607 gessi,

153 2606 272 2670 candor
289 2605 330 2669 ab
347 2604 474 2669 rusolita
490 2605 563 2671 labe
580 2608 739 2671 notandus
757 2617 834 2683 erat,

106 2705 141 2756 at
161 2691 242 2756 bene
260 2692 425 2766 successit,
444 2691 542 2776 digno
560 2693 646 2776 quod
664 2692 827 2756 adurimur
844 2692 926 2778 igni:

152 2778 243 2863 peius
262 2776 415 2841 adulterio
433 2777 534 2861 turpis
552 2779 677 2842 adulter
694 2778 794 2843 obest.

105 2864 136 2928 si
154 2863 232 2928 mihi
250 2862 403 2927 concedat
419 2863 502 2927 Iuno
520 2863 713 2947 fratremque
732 2864 909 2947 virumque,

152 2948 364 3034 Hippolytum
381 2948 491 3013 videor
507 2951 727 3034 praepositura
744 2950 824 3014 Iovi.

106 3035 174 3100 iam
191 3056 319 3119 quoque
336 3069 380 3080 -
397 3035 451 3097 vix
469 3036 578 3100 credes
595 3072 639 3081 —
656 3035 782 3120 ignotas
799 3046 904 3100 mutor
920 3036 955 3101 in
972 3047 1071 3102 artes:

153 3133 202 3186 est
218 3119 295 3183 mihi
312 3142 370 3205 per
387 3142 498 3185 saevas
515 3121 653 3206 impetus
670 3123 716 3186 ire
733 3123 828 3186 feras.

107 3207 174 3271 iam
192 3205 269 3270 mihi
286 3206 389 3290 prima
407 3205 467 3270 dea
484 3220 533 3270 est
550 3229 626 3271 arcu
643 3208 820 3293 praesignis
839 3208 963 3272 adunco

152 3292 249 3357 Delia
266 3290 432 3374 (iudicium
450 3291 626 3376 subsequor
643 3294 713 3378 ipsa
730 3294 836 3379 tuum)
841 3317 850 3370 ;

107 3380 142 3443 in
161 3399 273 3443 nemus
291 3377 336 3441 ire
353 3377 445 3455 libet,
463 3379 644 3463 pressisque
661 3379 695 3442 in
712 3381 792 3444 retia
810 3380 911 3445 cervis

154 3462 272 3529 hortari
289 3462 398 3528 celeris
416 3486 473 3548 per
490 3463 566 3548 iuga
583 3488 707 3529 summa
725 3488 829 3540 canes,

110 3562 166 3616 aut
184 3549 354 3614 tremulum
372 3570 505 3613 excusso
523 3549 663 3614 iaculum
680 3551 804 3615 vibrare
821 3551 939 3615 lacerto

155 3635 260 3701 autin
276 3634 441 3720 graminea
458 3656 575 3720 ponere
594 3657 708 3720 corpus
726 3637 834 3701 humo.

110 3744 207 3808 saepe
224 3721 314 3785 iuvat
330 3743 456 3784 versare
474 3720 560 3785 leves
578 3721 612 3785 in
628 3722 758 3806 pulvere
776 3745 897 3799 currus,

155 3816 355 3890 torquentem
373 3805 471 3870 frenis
489 3828 545 3870 ora
561 3806 685 3892 fugacis
704 3808 788 3891 equi.

110 3915 198 3960 nuno
214 3892 310 3969 feror,
327 3904 363 3956 ut
380 3891 501 3956 Bacchi
517 3892 608 3956 furiis
626 3892 785 3957 Eleleides
803 3903 903 3969 actae,

155 3999 302 4063 quaeque
319 3977 378 4040 sub
395 3977 494 4042 Idaeo
511 3989 664 4063 tympana
681 3979 760 4043 colle
778 3990 915 4054 movent,

111 4080 168 4132 aut
187 4087 266 4150 quas
283 4063 441 4129 semideae
458 4062 606 4148 Dryades
628 4063 795 4150 Faunique
813 4065 960 4130 bicornes
