2604 4974
252 256 366 314 ARTIS
385 258 613 316 AMATORIAE
630 259 703 315 LIB.
722 259 745 314 1.
764 259 909 316 sao-517.
1029 246 1091 313 153

115 380 221 447 interit
237 382 369 446 adsidua
386 404 495 447 vomer
512 384 653 448 aduncus
671 383 778 447 humo.

74 467 150 550 quid
168 468 270 552 magis
288 479 336 532 est
352 490 429 532 saxo
447 469 576 546 durum,
595 469 672 552 quid
689 469 814 533 mollius
832 469 938 533 unda?
1109 492 1158 539 4⁷5

115 553 194 616 dura
211 563 317 618 tamen
334 554 421 617 molli
439 577 516 619 saxa
533 565 685 619 cavantur
702 575 794 638 aqua.

72 635 255 723 Penelopen
272 639 373 723 ipsam
390 651 556 724 —persta
573 640 667 703 modo
684 676 728 686 —
745 652 886 724 tempore
904 640 1020 705 vinces.

115 735 207 809 capta
224 725 313 789 vides
331 746 400 789 sero
417 725 590 810 Pergama,
609 736 702 810 capta
720 740 835 789 tamen.

71 809 199 894 legerit,
217 821 248 874 et
265 810 344 874 nolit
360 810 552 876 rescribere?
578 832 691 897 cogere
707 810 787 874 noli:

113 906 149 959 tu
166 896 261 959 modo
278 895 446 960 blanditias
463 896 515 961 fac
532 897 736 981 legatusque
754 908 835 960 tuas.

71 980 270 1063 quae'voluit
286 980 415 1066 legisse,
433 983 519 1046 volet
536 981 707 1046 rescribere
724 981 829 1046 lectis:
874 987 876 991 ’

113 1088 169 1150 per
186 1087 333 1131 numeros
351 1067 479 1131 venient
495 1067 556 1131 ista
572 1067 754 1153 gradusque
772 1089 855 1131 suos.

70 1151 203 1237 forsitan
221 1163 252 1215 et
269 1152 370 1236 primo
388 1152 494 1217 veniet
511 1152 569 1216 tibi
587 1153 689 1217 littera
707 1151 813 1229 tristis,

114 1257 259 1320 quaeque
276 1249 381 1322 roget,
399 1260 439 1302 ne
457 1261 491 1303 se
510 1238 676 1303 sollicitare
693 1238 780 1302 velis.

70 1322 155 1406 quod
172 1333 263 1407 rogat
278 1323 343 1399 illa,
361 1322 463 1388 timet:
482 1324 569 1406 quod
586 1346 649 1387 non
666 1333 767 1408 rogat,
787 1333 884 1408 optat,
902 1333 939 1388 nt
955 1323 1062 1389 instes.

112 1409 292 1490 insequere,
310 1418 341 1472 et
358 1409 424 1473 voti
440 1409 606 1495 postmodo
624 1429 751 1493 compos
770 1409 840 1472 eris.

68 1494 189 1558 interea
207 1493 273 1558 sive
290 1493 344 1557 illa
361 1504 429 1559 toro
447 1495 596 1579 resupina
613 1494 741 1569 feretur,

111 1578 255 1643 lecticam
274 1579 420 1643 dominae
438 1580 670 1644 dissimulanter
687 1579 753 1643 adi:

68 1687 149 1729 neve
167 1664 279 1748 aliquis
296 1665 402 1729 verbis
420 1665 544 1730 odiosas
562 1665 675 1729 offerat
692 1664 786 1740 auris,

111 1772 207 1834 quam
224 1761 314 1835 potes
333 1751 489 1835 ambiguis
508 1750 639 1816 callidus
658 1750 739 1815 abde
757 1750 849 1815 notis.

69 1859 126 1900 seu
143 1836 278 1920 pedibus
296 1836 405 1901 vacuis
422 1837 468 1901 illi
486 1837 624 1922 spatiosa
642 1847 759 1901 teretur

111 1922 264 2006 porticus,
282 1921 334 1986 hic
352 1922 453 1986 socias
470 1932 506 1987 tu
524 1944 650 2006 quoque
667 1922 763 2007 iunge
781 1943 899 1986 moras:

69 2020 100 2070 et
117 2006 210 2069 modo
229 2007 399 2092 praecedas
417 2007 528 2085 facito,
546 2010 641 2073 modo
658 2018 748 2092 terga
765 2009 917 2091 sequaris,

111 2103 143 2156 et
159 2093 253 2156 modo
271 2092 415 2170 festines,
434 2104 465 2158 et
481 2094 576 2157 modo
593 2096 697 2159 lentus
715 2115 777 2158 eas.

67 2199 126 2241 neo
144 2177 202 2240 tibi
220 2179 259 2242 de
276 2178 388 2243 mediis
406 2179 527 2262 aliquot
543 2180 674 2243 transire
692 2179 854 2242 columnas

111 2263 151 2327 sit
168 2263 280 2347 pudor,
298 2274 353 2327 aut
369 2264 460 2328 lateri
477 2265 675 2329 continuasse
693 2266 785 2328 latus.

67 2370 126 2413 nec
144 2348 211 2414 sinc
230 2359 261 2414 te
280 2371 377 2413 curvo
395 2350 502 2415 sedeat
519 2351 661 2434 speciosa
678 2350 815 2413 theatro:

110 2435 196 2516 quod
214 2445 351 2519 spectes,
370 2436 485 2499 umeris
503 2435 624 2500 adferet
642 2435 696 2498 illa
713 2435 788 2498 suis.

66 2519 153 2582 illam
170 2520 334 2604 respicias,
353 2521 440 2584 illam
458 2522 571 2590 mirere
588 2520 708 2584 licebit:

109 2606 209 2668 multa
227 2605 408 2689 supercilio,
426 2605 526 2669 multa
542 2607 671 2688 loquare
689 2603 786 2667 notis.¹

67 2702 98 2753 et
115 2691 264 2774 plaudas,
283 2691 421 2773 aliquam
438 2691 535 2754 mimo
553 2692 686 2755 saltante
703 2688 851 2773 puellam,

111 2788 141 2839 et
158 2775 267 2840 faveas
284 2774 330 2839 illi
335 2823 344 2852 ,
363 2776 506 2860 quisquis
524 2787 637 2861 agatur
654 2797 772 2838 amans.

67 2883 140 2925 cum
158 2862 273 2947 surgit,
293 2884 420 2946 surges:
440 2862 540 2926 donec
558 2862 645 2925 sedet
662 2861 731 2935 illa,
751 2859 888 2923 sedebis:

109 2946 237 3010 arbitrio
256 2947 401 3012 dominae
420 2958 562 3032 tempora
573 2948 677 3030 pende
693 2957 775 3008 tuae.
792 2981 836 2990 -

67 3032 123 3096 sed
140 3032 198 3096 tibi
215 3054 275 3097 nec
292 3032 375 3097 ferro
393 3035 516 3118 placeat
534 3043 680 3114 torquere
698 3031 838 3115 capillos,

109 3139 168 3182 nec
185 3128 241 3181 tua
258 3119 397 3182 mordaci
415 3118 540 3204 pumice
559 3139 650 3181 crura
666 3128 759 3181 teras.

65 3204 127 3267 ista
143 3203 218 3267 iube
234 3203 366 3278 faciant,
386 3225 519 3287 quorum
539 3199 692 3287 Cybeleia
708 3213 809 3266 mater

109 3288 284 3353 concinitur
300 3288 450 3375 Phrygiis
469 3289 630 3353 exululata
646 3287 758 3350 modis.

67 3374 169 3438 forma
187 3375 271 3438 viros
289 3375 429 3439 neclecta
448 3376 547 3439 decet.
590 3373 736 3436 Minoida
753 3372 896 3437 Theseus

109 3459 252 3534 abstulit,
271 3483 290 3522 a
306 3461 394 3524 nulla
411 3471 553 3543 tempora
571 3469 715 3542 comptus
733 3479 807 3522 acu:

65 3545 278 3630 Hippolytum
295 3543 458 3620 Phaedra,
476 3566 534 3607 nec
553 3555 619 3608 erat
636 3543 717 3607 bene
735 3542 837 3607 cultus
843 3591 852 3620 ,
870 3544 1002 3608 amavit:

108 3653 185 3694 cura
202 3629 280 3694 deae
298 3630 384 3694 silvis
402 3641 495 3714 aptus
513 3628 637 3693 Adonis
655 3638 731 3692 erat.

66 3715 239 3779 munditiae
256 3715 415 3800 placeant,
433 3715 596 3779 fuscentur
613 3736 744 3799 corpora
762 3735 884 3798 campo,

108 3801 149 3865 sit
168 3801 247 3865 bene
266 3801 454 3864 conveniens
473 3811 503 3865 et
521 3799 588 3864 sine
606 3799 678 3864 labe
696 3810 785 3884 toga3

16 3902 19 3907 ’
66 3887 237 3972 linguaque
255 3908 295 3950 ne
312 3886 428 3970 rigeat,
447 3896 575 3950 careant
591 3884 737 3969 rubigine
756 3884 875 3962 dentes,

108 3994 167 4036 nec
185 3994 286 4057 vagus
303 3973 336 4035 in
353 3972 426 4035 laxa
443 3994 499 4056 pes
518 3971 574 4035 tibi
591 3971 673 4055 pelle
691 3980 791 4033 natet:

66 4081 125 4124 nec
142 4057 223 4123 male
241 4057 396 4123 deformet
413 4057 532 4144 rigidos
549 4067 684 4123 tonsura
700 4056 854 4145 capillum
