<?xml version="1.0" encoding="UTF-8"?>
<!DOCTYPE html PUBLIC "-//W3C//DTD XHTML 1.0 Transitional//EN"
    "http://www.w3.org/TR/xhtml1/DTD/xhtml1-transitional.dtd">
<html xmlns="http://www.w3.org/1999/xhtml" xml:lang="en" lang="en">
 <head>
  <title>
</title>
<meta http-equiv="Content-Type" content="text/html;charset=utf-8" />
  <meta name='ocr-system' content='tesseract 3.04.00' />
  <meta name='ocr-capabilities' content='ocr_page ocr_carea ocr_par ocr_line ocrx_word'/>
</head>
<body>
  <div class='ocr_page' id='page_1' title='image "./carmina04ovidgoog_0188.png"; bbox 0 0 2604 4974; ppageno 0'>
   <div class='ocr_carea' id='block_1_1' title="bbox 239 221 1088 297">
    <p class='ocr_par' dir='ltr' id='par_1_1' title="bbox 239 221 1088 297">
     <span class='ocr_line' id='line_1_1' title="bbox 239 221 1088 297; baseline -0.006 0"><span class='ocrx_word' id='word_1_1' title='bbox 239 238 354 297; x_wconf 77' lang='lat' dir='ltr'>Aeris</span> <span class='ocrx_word' id='word_1_2' title='bbox 372 239 601 297; x_wconf 73' lang='lat' dir='ltr'>amarorum</span> <span class='ocrx_word' id='word_1_3' title='bbox 617 239 689 296; x_wconf 79' lang='lat' dir='ltr'>nm.</span> <span class='ocrx_word' id='word_1_4' title='bbox 707 240 746 294; x_wconf 87' lang='lat'>11.</span> <span class='ocrx_word' id='word_1_5' title='bbox 764 236 907 295; x_wconf 64' lang='lat' dir='ltr'>maara.</span> <span class='ocrx_word' id='word_1_6' title='bbox 1026 221 1088 293; x_wconf 87' lang='lat'>165</span> 
     </span>
    </p>
   </div>
   <div class='ocr_carea' id='block_1_2' title="bbox 67 365 918 551">
    <p class='ocr_par' dir='ltr' id='par_1_2' title="bbox 67 365 918 551">
     <span class='ocr_line' id='line_1_2' title="bbox 110 365 819 450; baseline -0.008 -17"><span class='ocrx_word' id='word_1_7' title='bbox 110 390 214 445; x_wconf 84' lang='lat' dir='ltr'>curre,</span> <span class='ocrx_word' id='word_1_8' title='bbox 231 388 291 432; x_wconf 89' lang='lat' dir='ltr'>nec</span> <span class='ocrx_word' id='word_1_9' title='bbox 308 366 468 450; x_wconf 86' lang='lat' dir='ltr'>inceptum</span> <span class='ocrx_word' id='word_1_10' title='bbox 485 365 580 429; x_wconf 85' lang='lat' dir='ltr'>turba</span> <span class='ocrx_word' id='word_1_11' title='bbox 595 373 736 429; x_wconf 81' lang='lat' dir='ltr'><strong>moretur</strong></span> <span class='ocrx_word' id='word_1_12' title='bbox 751 365 819 430; x_wconf 90' lang='lat' dir='ltr'>iter.</span> 
     </span>
     <span class='ocr_line' id='line_1_3' title="bbox 67 449 918 551; baseline -0.006 -32"><span class='ocrx_word' id='word_1_13' title='bbox 67 464 159 519; x_wconf 90' lang='lat' dir='ltr'>noete</span> <span class='ocrx_word' id='word_1_14' title='bbox 177 453 308 518; x_wconf 92' lang='lat' dir='ltr'>domum</span> <span class='ocrx_word' id='word_1_15' title='bbox 323 461 468 536; x_wconf 83' lang='lat' dir='ltr'>repetens</span> <span class='ocrx_word' id='word_1_16' title='bbox 487 450 587 551; x_wconf 80' lang='lat' dir='ltr'>epulis</span> <span class='ocrx_word' id='word_1_17' title='bbox 605 449 773 535; x_wconf 85' lang='lat' dir='ltr'>perfuncta</span> <span class='ocrx_word' id='word_1_18' title='bbox 790 449 918 514; x_wconf 81' lang='lat' dir='ltr'><strong>redibit:</strong></span> 
     </span>
    </p>
   </div>
   <div class='ocr_carea' id='block_1_3' title="bbox 67 535 1026 4135">
    <p class='ocr_par' dir='ltr' id='par_1_3' title="bbox 110 535 871 623">
     <span class='ocr_line' id='line_1_4' title="bbox 110 535 871 623; baseline -0.008 -19"><span class='ocrx_word' id='word_1_19' title='bbox 110 551 186 604; x_wconf 87' lang='lat' dir='ltr'>tunc</span> <span class='ocrx_word' id='word_1_20' title='bbox 203 559 331 622; x_wconf 90' lang='lat' dir='ltr'>quoque</span> <span class='ocrx_word' id='word_1_21' title='bbox 348 559 407 623; x_wconf 87' lang='lat' dir='ltr'>pro</span> <span class='ocrx_word' id='word_1_22' title='bbox 424 559 530 612; x_wconf 89' lang='lat' dir='ltr'>servo,</span> <span class='ocrx_word' id='word_1_23' title='bbox 549 559 577 599; x_wconf 77' lang='grc' dir='ltr'>ει</span> <span class='ocrx_word' id='word_1_24' title='bbox 594 551 686 600; x_wconf 88' lang='lat' dir='ltr'>vocat</span> <span class='ocrx_word' id='word_1_25' title='bbox 703 535 771 611; x_wconf 87' lang='lat' dir='ltr'>illa,</span> <span class='ocrx_word' id='word_1_26' title='bbox 789 537 871 600; x_wconf 87' lang='lat' dir='ltr'>veni.</span> 
     </span>
    </p>

    <p class='ocr_par' dir='ltr' id='par_1_4' title="bbox 67 621 994 793">
     <span class='ocr_line' id='line_1_5' title="bbox 67 621 994 701; baseline -0.006 -10"><span class='ocrx_word' id='word_1_27' title='bbox 67 648 140 691; x_wconf 88' lang='lat' dir='ltr'>rure</span> <span class='ocrx_word' id='word_1_28' title='bbox 158 624 231 701; x_wconf 90' lang='lat' dir='ltr'>erit,</span> <span class='ocrx_word' id='word_1_29' title='bbox 250 635 281 688; x_wconf 88' lang='lat' dir='ltr'>et</span> <span class='ocrx_word' id='word_1_30' title='bbox 299 623 383 688; x_wconf 85' lang='lat' dir='ltr'>dicet</span> <span class='ocrx_word' id='word_1_31' title='bbox 401 622 538 690; x_wconf 86' lang='lat' dir='ltr'>‘venias’</span> <span class='ocrx_word' id='word_1_32' title='bbox 557 658 599 667; x_wconf 91' lang='lat'><strong>—</strong></span> <span class='ocrx_word' id='word_1_33' title='bbox 617 624 720 685; x_wconf 90' lang='lat' dir='ltr'>Amor</span> <span class='ocrx_word' id='word_1_34' title='bbox 737 621 803 685; x_wconf 90' lang='lat' dir='ltr'>odit</span> <span class='ocrx_word' id='word_1_35' title='bbox 820 621 935 686; x_wconf 88' lang='lat' dir='ltr'>inertes</span> <span class='ocrx_word' id='word_1_36' title='bbox 952 657 994 668; x_wconf 90' lang='grc'><strong>-</strong></span> 
     </span>
     <span class='ocr_line' id='line_1_6' title="bbox 110 708 764 793; baseline -0.006 -19"><span class='ocrx_word' id='word_1_37' title='bbox 110 709 137 774; x_wconf 90' lang='lat' dir='ltr'>si</span> <span class='ocrx_word' id='word_1_38' title='bbox 153 720 223 774; x_wconf 89' lang='lat' dir='ltr'>rota</span> <span class='ocrx_word' id='word_1_39' title='bbox 240 708 389 785; x_wconf 79' lang='lat' dir='ltr'>defuerit,</span> <span class='ocrx_word' id='word_1_40' title='bbox 407 719 443 772; x_wconf 92' lang='lat' dir='ltr'>tu</span> <span class='ocrx_word' id='word_1_41' title='bbox 460 709 540 793; x_wconf 92' lang='lat' dir='ltr'>pede</span> <span class='ocrx_word' id='word_1_42' title='bbox 559 729 652 792; x_wconf 88' lang='lat' dir='ltr'>carpe</span> <span class='ocrx_word' id='word_1_43' title='bbox 670 708 764 770; x_wconf 89' lang='lat' dir='ltr'>viam.</span> 
     </span>
    </p>

    <p class='ocr_par' dir='ltr' id='par_1_5' title="bbox 67 790 919 965">
     <span class='ocr_line' id='line_1_7' title="bbox 67 790 919 881; baseline -0.005 -21"><span class='ocrx_word' id='word_1_44' title='bbox 67 817 127 861; x_wconf 88' lang='lat' dir='ltr'>nec</span> <span class='ocrx_word' id='word_1_45' title='bbox 144 818 242 881; x_wconf 88' lang='lat' dir='ltr'>grave</span> <span class='ocrx_word' id='word_1_46' title='bbox 258 807 289 860; x_wconf 91' lang='lat' dir='ltr'>te</span> <span class='ocrx_word' id='word_1_47' title='bbox 307 805 432 879; x_wconf 86' lang='lat' dir='ltr'>tempus</span> <span class='ocrx_word' id='word_1_48' title='bbox 451 793 623 876; x_wconf 84' lang='lat' dir='ltr'>sitiensque</span> <span class='ocrx_word' id='word_1_49' title='bbox 642 790 798 857; x_wconf 81' lang='lat' dir='ltr'><strong>Canicula</strong></span> <span class='ocrx_word' id='word_1_50' title='bbox 815 793 919 875; x_wconf 84' lang='lat' dir='ltr'>tardet</span> 
     </span>
     <span class='ocr_line' id='line_1_8' title="bbox 110 878 798 965; baseline -0.004 -21"><span class='ocrx_word' id='word_1_51' title='bbox 110 903 169 946; x_wconf 85' lang='lat' dir='ltr'>nec</span> <span class='ocrx_word' id='word_1_52' title='bbox 186 881 239 944; x_wconf 88' lang='lat' dir='ltr'>via</span> <span class='ocrx_word' id='word_1_53' title='bbox 256 880 428 965; x_wconf 85' lang='lat' dir='ltr'>periectas</span> <span class='ocrx_word' id='word_1_54' title='bbox 446 879 581 944; x_wconf 89' lang='lat' dir='ltr'>candida</span> <span class='ocrx_word' id='word_1_55' title='bbox 598 879 683 943; x_wconf 88' lang='lat' dir='ltr'>faeta</span> <span class='ocrx_word' id='word_1_56' title='bbox 699 878 798 942; x_wconf 90' lang='lat' dir='ltr'>nives.</span> 
     </span>
    </p>

    <p class='ocr_par' dir='ltr' id='par_1_6' title="bbox 68 964 875 1135">
     <span class='ocr_line' id='line_1_9' title="bbox 68 964 875 1052; baseline -0.005 -21"><span class='ocrx_word' id='word_1_57' title='bbox 68 967 196 1031; x_wconf 86' lang='lat' dir='ltr'>militiae</span> <span class='ocrx_word' id='word_1_58' title='bbox 215 966 336 1052; x_wconf 88' lang='lat' dir='ltr'>speeies</span> <span class='ocrx_word' id='word_1_59' title='bbox 354 988 443 1029; x_wconf 87' lang='lat' dir='ltr'>amor</span> <span class='ocrx_word' id='word_1_60' title='bbox 460 976 517 1030; x_wconf 88' lang='lat' dir='ltr'>est.</span> <span class='ocrx_word' id='word_1_61' title='bbox 562 964 728 1040; x_wconf 76' lang='lat' dir='ltr'>discedite,</span> <span class='ocrx_word' id='word_1_62' title='bbox 747 986 875 1049; x_wconf 86' lang='lat' dir='ltr'>segnes:</span> 
     </span>
     <span class='ocr_line' id='line_1_10' title="bbox 110 1049 845 1135; baseline -0.003 -19"><span class='ocrx_word' id='word_1_63' title='bbox 110 1074 174 1116; x_wconf 89' lang='lat' dir='ltr'>non</span> <span class='ocrx_word' id='word_1_64' title='bbox 192 1063 266 1116; x_wconf 88' lang='lat' dir='ltr'>sunt</span> <span class='ocrx_word' id='word_1_65' title='bbox 282 1051 362 1116; x_wconf 88' lang='lat' dir='ltr'>haee</span> <span class='ocrx_word' id='word_1_66' title='bbox 379 1051 497 1115; x_wconf 91' lang='lat' dir='ltr'>timidis</span> <span class='ocrx_word' id='word_1_67' title='bbox 515 1049 606 1135; x_wconf 87' lang='lat' dir='ltr'>signa</span> <span class='ocrx_word' id='word_1_68' title='bbox 624 1050 743 1115; x_wconf 89' lang='lat' dir='ltr'>tuenda</span> <span class='ocrx_word' id='word_1_69' title='bbox 760 1049 845 1115; x_wconf 75' lang='lat' dir='ltr'>viris.</span> 
     </span>
    </p>

    <p class='ocr_par' dir='ltr' id='par_1_7' title="bbox 68 1135 910 1288">
     <span class='ocr_line' id='line_1_11' title="bbox 68 1135 910 1222; baseline -0.002 -20"><span class='ocrx_word' id='word_1_70' title='bbox 68 1161 132 1203; x_wconf 85' lang='lat' dir='ltr'>nox</span> <span class='ocrx_word' id='word_1_71' title='bbox 149 1150 181 1203; x_wconf 91' lang='lat' dir='ltr'>et</span> <span class='ocrx_word' id='word_1_72' title='bbox 198 1138 320 1222; x_wconf 87' lang='lat' dir='ltr'>hiemps</span> <span class='ocrx_word' id='word_1_73' title='bbox 337 1138 514 1221; x_wconf 81' lang='lat' dir='ltr'>longaeque</span> <span class='ocrx_word' id='word_1_74' title='bbox 532 1137 602 1200; x_wconf 86' lang='lat' dir='ltr'>viae</span> <span class='ocrx_word' id='word_1_75' title='bbox 620 1136 770 1218; x_wconf 90' lang='lat' dir='ltr'>saevique</span> <span class='ocrx_word' id='word_1_76' title='bbox 787 1135 910 1200; x_wconf 91' lang='lat' dir='ltr'>dolores</span> 
     </span>
     <span class='ocr_line' id='line_1_12' title="bbox 111 1220 837 1288; baseline 0 -2"><span class='ocrx_word' id='word_1_77' title='bbox 111 1224 258 1288; x_wconf 87' lang='lat' dir='ltr'>mollibus</span> <span class='ocrx_word' id='word_1_78' title='bbox 276 1222 325 1286; x_wconf 91' lang='lat' dir='ltr'>his</span> <span class='ocrx_word' id='word_1_79' title='bbox 344 1222 452 1287; x_wconf 87' lang='lat' dir='ltr'>castris</span> <span class='ocrx_word' id='word_1_80' title='bbox 471 1235 502 1286; x_wconf 92' lang='lat' dir='ltr'>et</span> <span class='ocrx_word' id='word_1_81' title='bbox 518 1221 609 1286; x_wconf 85' lang='lat' dir='ltr'>labor</span> <span class='ocrx_word' id='word_1_82' title='bbox 626 1220 728 1285; x_wconf 90' lang='lat' dir='ltr'>omnis</span> <span class='ocrx_word' id='word_1_83' title='bbox 745 1221 837 1286; x_wconf 86' lang='lat' dir='ltr'>inest.</span> 
     </span>
    </p>

    <p class='ocr_par' dir='ltr' id='par_1_8' title="bbox 69 1307 829 1478">
     <span class='ocr_line' id='line_1_13' title="bbox 69 1307 829 1395; baseline -0.008 -20"><span class='ocrx_word' id='word_1_84' title='bbox 69 1332 164 1395; x_wconf 82' lang='lat' dir='ltr'>saepe</span> <span class='ocrx_word' id='word_1_85' title='bbox 181 1309 265 1380; x_wconf 81' lang='lat' dir='ltr'>feres</span> <span class='ocrx_word' id='word_1_86' title='bbox 281 1307 414 1372; x_wconf 88' lang='lat' dir='ltr'>imbrem</span> <span class='ocrx_word' id='word_1_87' title='bbox 432 1307 560 1373; x_wconf 82' lang='lat' dir='ltr'>caelesti</span> <span class='ocrx_word' id='word_1_88' title='bbox 576 1307 662 1373; x_wconf 85' lang='lat' dir='ltr'>nube</span> <span class='ocrx_word' id='word_1_89' title='bbox 679 1307 829 1383; x_wconf 88' lang='lat' dir='ltr'>solutum,</span> 
     </span>
     <span class='ocr_line' id='line_1_14' title="bbox 111 1392 769 1478; baseline -0.008 -18"><span class='ocrx_word' id='word_1_90' title='bbox 111 1396 151 1461; x_wconf 91' lang='lat' dir='ltr'>sri</span> <span class='ocrx_word' id='word_1_91' title='bbox 175 1394 246 1458; x_wconf 90' lang='lat' dir='ltr'>idus</span> <span class='ocrx_word' id='word_1_92' title='bbox 265 1404 295 1458; x_wconf 91' lang='lat' dir='ltr'>et</span> <span class='ocrx_word' id='word_1_93' title='bbox 312 1394 400 1467; x_wconf 89' lang='lat' dir='ltr'>nuda</span> <span class='ocrx_word' id='word_1_94' title='bbox 417 1415 512 1478; x_wconf 85' lang='lat' dir='ltr'>saepe</span> <span class='ocrx_word' id='word_1_95' title='bbox 528 1392 645 1458; x_wconf 88' lang='lat' dir='ltr'>iacebis</span> <span class='ocrx_word' id='word_1_96' title='bbox 662 1393 769 1456; x_wconf 91' lang='lat' dir='ltr'>humo.</span> 
     </span>
    </p>

    <p class='ocr_par' dir='ltr' id='par_1_9' title="bbox 72 1417 807 1650">
     <span class='ocr_line' id='line_1_15' title="bbox 72 1417 807 1567; baseline -0.005 -21"><span class='ocrx_word' id='word_1_97' title='bbox 72 1417 230 1567; x_wconf 74' lang='lat' dir='ltr'>Cynthius</span> <span class='ocrx_word' id='word_1_98' title='bbox 248 1479 383 1545; x_wconf 90' lang='lat' dir='ltr'>Admeti</span> <span class='ocrx_word' id='word_1_99' title='bbox 397 1501 510 1543; x_wconf 86' lang='lat' dir='ltr'>vaccas</span> <span class='ocrx_word' id='word_1_100' title='bbox 527 1478 653 1563; x_wconf 88' lang='lat' dir='ltr'>pavisse</span> <span class='ocrx_word' id='word_1_101' title='bbox 669 1477 807 1543; x_wconf 79' lang='lat' dir='ltr'>Pheraei</span> 
     </span>
     <span class='ocr_line' id='line_1_16' title="bbox 112 1564 706 1650; baseline -0.003 -20"><span class='ocrx_word' id='word_1_102' title='bbox 112 1567 212 1631; x_wconf 89' lang='lat' dir='ltr'>fertur</span> <span class='ocrx_word' id='word_1_103' title='bbox 229 1577 261 1630; x_wconf 91' lang='lat' dir='ltr'>et</span> <span class='ocrx_word' id='word_1_104' title='bbox 278 1566 311 1629; x_wconf 91' lang='lat' dir='ltr'>in</span> <span class='ocrx_word' id='word_1_105' title='bbox 328 1587 428 1650; x_wconf 87' lang='lat' dir='ltr'>parva</span> <span class='ocrx_word' id='word_1_106' title='bbox 445 1564 605 1630; x_wconf 88' lang='lat' dir='ltr'>dehtuisse</span> <span class='ocrx_word' id='word_1_107' title='bbox 623 1585 706 1628; x_wconf 85' lang='lat' dir='ltr'>oasa.</span> 
     </span>
    </p>

    <p class='ocr_par' dir='ltr' id='par_1_10' title="bbox 69 1648 1026 1820">
     <span class='ocr_line' id='line_1_17' title="bbox 69 1648 1026 1737; baseline -0.003 -20"><span class='ocrx_word' id='word_1_108' title='bbox 69 1652 155 1737; x_wconf 93' lang='lat' dir='ltr'>quod</span> <span class='ocrx_word' id='word_1_109' title='bbox 171 1651 340 1716; x_wconf 91' lang='lat' dir='ltr'>Phoebum</span> <span class='ocrx_word' id='word_1_110' title='bbox 359 1650 477 1725; x_wconf 85' lang='lat' dir='ltr'>decuit,</span> <span class='ocrx_word' id='word_1_111' title='bbox 496 1671 590 1733; x_wconf 90' lang='lat' dir='ltr'>quem</span> <span class='ocrx_word' id='word_1_112' title='bbox 608 1672 672 1715; x_wconf 89' lang='lat' dir='ltr'>non</span> <span class='ocrx_word' id='word_1_113' title='bbox 690 1649 798 1714; x_wconf 82' lang='lat' dir='ltr'>decet?</span> <span class='ocrx_word' id='word_1_114' title='bbox 815 1671 896 1715; x_wconf 88' lang='lat' dir='ltr'>exue</span> <span class='ocrx_word' id='word_1_115' title='bbox 914 1648 1026 1725; x_wconf 85' lang='lat' dir='ltr'>fastus,</span> 
     </span>
     <span class='ocr_line' id='line_1_18' title="bbox 113 1735 797 1820; baseline -0.006 -18"><span class='ocrx_word' id='word_1_116' title='bbox 113 1760 222 1802; x_wconf 88' lang='lat' dir='ltr'>curam</span> <span class='ocrx_word' id='word_1_117' title='bbox 239 1736 379 1801; x_wconf 89' lang='lat' dir='ltr'>mansuri</span> <span class='ocrx_word' id='word_1_118' title='bbox 397 1735 538 1820; x_wconf 87' lang='lat' dir='ltr'>quisquis</span> <span class='ocrx_word' id='word_1_119' title='bbox 555 1736 671 1800; x_wconf 86' lang='lat' dir='ltr'>ameria</span> <span class='ocrx_word' id='word_1_120' title='bbox 688 1735 797 1801; x_wconf 91' lang='lat' dir='ltr'>habes.</span> 
     </span>
    </p>

    <p class='ocr_par' dir='ltr' id='par_1_11' title="bbox 70 1821 835 1992">
     <span class='ocr_line' id='line_1_19' title="bbox 70 1821 835 1908; baseline -0.003 -19"><span class='ocrx_word' id='word_1_121' title='bbox 70 1825 97 1889; x_wconf 92' lang='lat' dir='ltr'>si</span> <span class='ocrx_word' id='word_1_122' title='bbox 115 1823 171 1888; x_wconf 90' lang='lat' dir='ltr'>tibi</span> <span class='ocrx_word' id='word_1_123' title='bbox 190 1846 247 1908; x_wconf 91' lang='lat' dir='ltr'>per</span> <span class='ocrx_word' id='word_1_124' title='bbox 263 1834 367 1887; x_wconf 91' lang='lat' dir='ltr'>tutum</span> <span class='ocrx_word' id='word_1_125' title='bbox 383 1823 577 1907; x_wconf 89' lang='lat' dir='ltr'>planumque</span> <span class='ocrx_word' id='word_1_126' title='bbox 594 1821 762 1907; x_wconf 88' lang='lat' dir='ltr'>negabitur</span> <span class='ocrx_word' id='word_1_127' title='bbox 778 1821 835 1898; x_wconf 89' lang='lat' dir='ltr'>ire,</span> 
     </span>
     <span class='ocr_line' id='line_1_20' title="bbox 113 1906 758 1992; baseline -0.003 -19"><span class='ocrx_word' id='word_1_128' title='bbox 113 1919 208 1992; x_wconf 88' lang='lat' dir='ltr'>atque</span> <span class='ocrx_word' id='word_1_129' title='bbox 226 1909 285 1973; x_wconf 85' lang='lat' dir='ltr'>erit</span> <span class='ocrx_word' id='word_1_130' title='bbox 302 1908 447 1992; x_wconf 88' lang='lat' dir='ltr'>opposita</span> <span class='ocrx_word' id='word_1_131' title='bbox 463 1908 559 1972; x_wconf 89' lang='lat' dir='ltr'>ianua</span> <span class='ocrx_word' id='word_1_132' title='bbox 576 1906 656 1972; x_wconf 84' lang='lat' dir='ltr'>fulta</span> <span class='ocrx_word' id='word_1_133' title='bbox 673 1930 758 1972; x_wconf 88' lang='lat' dir='ltr'>sera:</span> 
     </span>
    </p>

    <p class='ocr_par' dir='ltr' id='par_1_12' title="bbox 71 1993 799 2163">
     <span class='ocr_line' id='line_1_21' title="bbox 71 1993 799 2079; baseline -0.003 -20"><span class='ocrx_word' id='word_1_134' title='bbox 71 2006 102 2059; x_wconf 87' lang='lat' dir='ltr'>at</span> <span class='ocrx_word' id='word_1_135' title='bbox 121 2005 156 2058; x_wconf 87' lang='lat' dir='ltr'>tu</span> <span class='ocrx_word' id='word_1_136' title='bbox 171 2016 229 2079; x_wconf 90' lang='lat' dir='ltr'>per</span> <span class='ocrx_word' id='word_1_137' title='bbox 246 2015 397 2079; x_wconf 87' lang='lat' dir='ltr'>praeceps</span> <span class='ocrx_word' id='word_1_138' title='bbox 415 2004 498 2058; x_wconf 84' lang='lat' dir='ltr'>teoto</span> <span class='ocrx_word' id='word_1_139' title='bbox 515 1993 662 2058; x_wconf 88' lang='lat' dir='ltr'>delabere</span> <span class='ocrx_word' id='word_1_140' title='bbox 679 2003 799 2079; x_wconf 89' lang='lat' dir='ltr'>aperto,</span> 
     </span>
     <span class='ocr_line' id='line_1_22' title="bbox 114 2078 794 2163; baseline 0 -20"><span class='ocrx_word' id='word_1_141' title='bbox 114 2080 167 2145; x_wconf 90' lang='lat' dir='ltr'>det</span> <span class='ocrx_word' id='word_1_142' title='bbox 185 2101 311 2163; x_wconf 91' lang='lat' dir='ltr'>quoque</span> <span class='ocrx_word' id='word_1_143' title='bbox 329 2078 462 2144; x_wconf 88' lang='lat' dir='ltr'>furtivas</span> <span class='ocrx_word' id='word_1_144' title='bbox 481 2080 546 2143; x_wconf 89' lang='lat' dir='ltr'>alta</span> <span class='ocrx_word' id='word_1_145' title='bbox 561 2079 700 2145; x_wconf 85' lang='lat' dir='ltr'>fenestra</span> <span class='ocrx_word' id='word_1_146' title='bbox 717 2079 794 2144; x_wconf 88' lang='lat' dir='ltr'>vias.</span> 
     </span>
    </p>

    <p class='ocr_par' dir='ltr' id='par_1_13' title="bbox 70 2164 886 2335">
     <span class='ocr_line' id='line_1_23' title="bbox 70 2164 886 2249; baseline 0 -20"><span class='ocrx_word' id='word_1_147' title='bbox 70 2166 154 2232; x_wconf 86' lang='lat' dir='ltr'>laeta</span> <span class='ocrx_word' id='word_1_148' title='bbox 171 2166 242 2230; x_wconf 89' lang='lat' dir='ltr'>erit:</span> <span class='ocrx_word' id='word_1_149' title='bbox 261 2175 293 2230; x_wconf 89' lang='lat' dir='ltr'>et</span> <span class='ocrx_word' id='word_1_150' title='bbox 310 2187 438 2230; x_wconf 89' lang='lat' dir='ltr'>causam</span> <span class='ocrx_word' id='word_1_151' title='bbox 455 2164 514 2228; x_wconf 93' lang='lat' dir='ltr'>tibi</span> <span class='ocrx_word' id='word_1_152' title='bbox 532 2187 565 2229; x_wconf 89' lang='lat' dir='ltr'>se</span> <span class='ocrx_word' id='word_1_153' title='bbox 583 2165 660 2230; x_wconf 82' lang='lat' dir='ltr'>sciet</span> <span class='ocrx_word' id='word_1_154' title='bbox 678 2187 747 2230; x_wconf 87' lang='lat' dir='ltr'>esse</span> <span class='ocrx_word' id='word_1_155' title='bbox 764 2164 886 2249; x_wconf 66' lang='lat' dir='ltr'>periclis</span> 
     </span>
     <span class='ocr_line' id='line_1_24' title="bbox 113 2250 783 2335; baseline -0.003 -20"><span class='ocrx_word' id='word_1_156' title='bbox 113 2251 173 2315; x_wconf 87' lang='lat' dir='ltr'>hoe</span> <span class='ocrx_word' id='word_1_157' title='bbox 191 2251 336 2315; x_wconf 88' lang='lat' dir='ltr'>dominae</span> <span class='ocrx_word' id='word_1_158' title='bbox 354 2250 431 2314; x_wconf 88' lang='lat' dir='ltr'>certi</span> <span class='ocrx_word' id='word_1_159' title='bbox 448 2250 565 2335; x_wconf 88' lang='lat' dir='ltr'>pignus</span> <span class='ocrx_word' id='word_1_160' title='bbox 582 2251 698 2315; x_wconf 89' lang='lat' dir='ltr'>amoris</span> <span class='ocrx_word' id='word_1_161' title='bbox 716 2250 783 2315; x_wconf 87' lang='lat' dir='ltr'>erit.</span> 
     </span>
    </p>

    <p class='ocr_par' dir='ltr' id='par_1_14' title="bbox 70 2335 837 2497">
     <span class='ocr_line' id='line_1_25' title="bbox 70 2335 835 2422; baseline -0.003 -21"><span class='ocrx_word' id='word_1_162' title='bbox 70 2359 165 2422; x_wconf 88' lang='lat' dir='ltr'>saepe</span> <span class='ocrx_word' id='word_1_163' title='bbox 183 2347 238 2401; x_wconf 86' lang='lat' dir='ltr'>tua</span> <span class='ocrx_word' id='word_1_164' title='bbox 255 2347 395 2421; x_wconf 87' lang='lat' dir='ltr'>poteras,</span> <span class='ocrx_word' id='word_1_165' title='bbox 413 2335 575 2410; x_wconf 87' lang='lat' dir='ltr'>Leandre,</span> <span class='ocrx_word' id='word_1_166' title='bbox 592 2358 699 2401; x_wconf 87' lang='lat' dir='ltr'>carere</span> <span class='ocrx_word' id='word_1_167' title='bbox 716 2336 835 2421; x_wconf 89' lang='lat' dir='ltr'>puella:</span> 
     </span>
     <span class='ocr_line' id='line_1_26' title="bbox 113 2421 837 2497; baseline -0.004 -10"><span class='ocrx_word' id='word_1_168' title='bbox 113 2422 312 2497; x_wconf 78' lang='lat' dir='ltr'>transueham,</span> <span class='ocrx_word' id='word_1_169' title='bbox 331 2421 472 2485; x_wconf 87' lang='lat' dir='ltr'>animum</span> <span class='ocrx_word' id='word_1_170' title='bbox 489 2431 597 2486; x_wconf 88' lang='lat' dir='ltr'>nosset</span> <span class='ocrx_word' id='word_1_171' title='bbox 613 2432 650 2486; x_wconf 93' lang='lat' dir='ltr'>ut</span> <span class='ocrx_word' id='word_1_172' title='bbox 665 2421 720 2486; x_wconf 88' lang='lat' dir='ltr'>illa</span> <span class='ocrx_word' id='word_1_173' title='bbox 736 2432 837 2485; x_wconf 88' lang='lat' dir='ltr'>tuum.</span> 
     </span>
    </p>

    <p class='ocr_par' dir='ltr' id='par_1_15' title="bbox 70 2506 959 2677">
     <span class='ocr_line' id='line_1_27' title="bbox 70 2506 959 2593; baseline -0.004 -19"><span class='ocrx_word' id='word_1_174' title='bbox 70 2530 130 2574; x_wconf 87' lang='lat' dir='ltr'>nee</span> <span class='ocrx_word' id='word_1_175' title='bbox 146 2509 250 2593; x_wconf 93' lang='lat' dir='ltr'>pudor</span> <span class='ocrx_word' id='word_1_176' title='bbox 267 2507 410 2581; x_wconf 81' lang='lat' dir='ltr'>ancillas,</span> <span class='ocrx_word' id='word_1_177' title='bbox 428 2518 464 2571; x_wconf 94' lang='lat' dir='ltr'>ut</span> <span class='ocrx_word' id='word_1_178' title='bbox 481 2527 626 2590; x_wconf 85' lang='lat' dir='ltr'>quaeque</span> <span class='ocrx_word' id='word_1_179' title='bbox 644 2506 703 2571; x_wconf 89' lang='lat' dir='ltr'>erit</span> <span class='ocrx_word' id='word_1_180' title='bbox 720 2507 829 2571; x_wconf 87' lang='lat' dir='ltr'>ordine</span> <span class='ocrx_word' id='word_1_181' title='bbox 846 2506 959 2591; x_wconf 90' lang='lat' dir='ltr'>prima,</span> 
     </span>
     <span class='ocr_line' id='line_1_28' title="bbox 112 2591 771 2677; baseline -0.006 -18"><span class='ocrx_word' id='word_1_182' title='bbox 112 2615 173 2659; x_wconf 91' lang='lat' dir='ltr'>nec</span> <span class='ocrx_word' id='word_1_183' title='bbox 190 2593 248 2657; x_wconf 87' lang='lat' dir='ltr'>tibi</span> <span class='ocrx_word' id='word_1_184' title='bbox 265 2593 306 2657; x_wconf 92' lang='lat' dir='ltr'>sit</span> <span class='ocrx_word' id='word_1_185' title='bbox 323 2612 429 2658; x_wconf 86' lang='lat' dir='ltr'>servos</span> <span class='ocrx_word' id='word_1_186' title='bbox 447 2591 640 2657; x_wconf 89' lang='lat' dir='ltr'>demeruisse</span> <span class='ocrx_word' id='word_1_187' title='bbox 659 2592 771 2677; x_wconf 86' lang='lat' dir='ltr'>pudor.</span> 
     </span>
    </p>

    <p class='ocr_par' dir='ltr' id='par_1_16' title="bbox 70 2677 1008 2850">
     <span class='ocr_line' id='line_1_29' title="bbox 70 2677 1008 2762; baseline -0.001 -18"><span class='ocrx_word' id='word_1_188' title='bbox 70 2679 197 2745; x_wconf 90' lang='lat' dir='ltr'>nomine</span> <span class='ocrx_word' id='word_1_189' title='bbox 215 2699 373 2762; x_wconf 86' lang='lat' dir='ltr'>quemque</span> <span class='ocrx_word' id='word_1_190' title='bbox 391 2699 449 2743; x_wconf 90' lang='lat' dir='ltr'>suo</span> <span class='ocrx_word' id='word_1_191' title='bbox 465 2713 510 2723; x_wconf 96' lang='lat'><em>-</em></span> <span class='ocrx_word' id='word_1_192' title='bbox 525 2677 613 2741; x_wconf 86' lang='lat' dir='ltr'>nulla</span> <span class='ocrx_word' id='word_1_193' title='bbox 631 2689 678 2742; x_wconf 89' lang='lat' dir='ltr'>est</span> <span class='ocrx_word' id='word_1_194' title='bbox 695 2678 816 2742; x_wconf 88' lang='lat' dir='ltr'>iactura</span> <span class='ocrx_word' id='word_1_195' title='bbox 832 2713 875 2724; x_wconf 92' lang='grc'><strong>-</strong></span> <span class='ocrx_word' id='word_1_196' title='bbox 892 2677 1008 2743; x_wconf 86' lang='lat' dir='ltr'>saluta:</span> 
     </span>
     <span class='ocr_line' id='line_1_30' title="bbox 113 2762 794 2850; baseline -0.003 -21"><span class='ocrx_word' id='word_1_197' title='bbox 113 2767 210 2850; x_wconf 86' lang='lat' dir='ltr'>iunge</span> <span class='ocrx_word' id='word_1_198' title='bbox 228 2764 289 2828; x_wconf 90' lang='lat' dir='ltr'>tuis</span> <span class='ocrx_word' id='word_1_199' title='bbox 307 2763 456 2839; x_wconf 88' lang='lat' dir='ltr'>humiles,</span> <span class='ocrx_word' id='word_1_200' title='bbox 474 2762 652 2839; x_wconf 82' lang='lat' dir='ltr'>ambitiose,</span> <span class='ocrx_word' id='word_1_201' title='bbox 671 2785 794 2827; x_wconf 85' lang='lat' dir='ltr'>manus.</span> 
     </span>
    </p>

    <p class='ocr_par' dir='ltr' id='par_1_17' title="bbox 71 2847 888 3022">
     <span class='ocr_line' id='line_1_31' title="bbox 71 2847 888 2935; baseline -0.005 -19"><span class='ocrx_word' id='word_1_202' title='bbox 71 2851 128 2916; x_wconf 87' lang='lat' dir='ltr'>sed</span> <span class='ocrx_word' id='word_1_203' title='bbox 145 2860 251 2921; x_wconf 83' lang='lat' dir='ltr'>tamen</span> <span class='ocrx_word' id='word_1_204' title='bbox 267 2861 300 2914; x_wconf 93' lang='lat' dir='ltr'>et</span> <span class='ocrx_word' id='word_1_205' title='bbox 317 2870 408 2914; x_wconf 90' lang='lat' dir='ltr'>servo</span> <span class='ocrx_word' id='word_1_206' title='bbox 425 2847 518 2931; x_wconf 85' lang='lat' dir='ltr'>(levis</span> <span class='ocrx_word' id='word_1_207' title='bbox 536 2860 584 2913; x_wconf 89' lang='lat' dir='ltr'>est</span> <span class='ocrx_word' id='word_1_208' title='bbox 599 2848 746 2934; x_wconf 88' lang='lat' dir='ltr'>inpensa)</span> <span class='ocrx_word' id='word_1_209' title='bbox 763 2849 888 2935; x_wconf 88' lang='lat' dir='ltr'>roganti</span> 
     </span>
     <span class='ocr_line' id='line_1_32' title="bbox 114 2934 766 3022; baseline 0.002 -24"><span class='ocrx_word' id='word_1_210' title='bbox 114 2935 239 3022; x_wconf 84' lang='lat' dir='ltr'>porrige</span> <span class='ocrx_word' id='word_1_211' title='bbox 256 2935 417 3000; x_wconf 84' lang='lat' dir='ltr'>Fortunae</span> <span class='ocrx_word' id='word_1_212' title='bbox 435 2957 567 2999; x_wconf 87' lang='lat' dir='ltr'>munera</span> <span class='ocrx_word' id='word_1_213' title='bbox 583 2957 683 3020; x_wconf 86' lang='lat' dir='ltr'>parva</span> <span class='ocrx_word' id='word_1_214' title='bbox 700 2934 766 3000; x_wconf 86' lang='lat' dir='ltr'>die:</span> 
     </span>
    </p>

    <p class='ocr_par' dir='ltr' id='par_1_18' title="bbox 72 3020 883 3171">
     <span class='ocr_line' id='line_1_33' title="bbox 72 3020 883 3106; baseline 0.001 -21"><span class='ocrx_word' id='word_1_215' title='bbox 72 3020 196 3106; x_wconf 83' lang='lat' dir='ltr'>porrige</span> <span class='ocrx_word' id='word_1_216' title='bbox 215 3034 246 3084; x_wconf 93' lang='lat' dir='ltr'>et</span> <span class='ocrx_word' id='word_1_217' title='bbox 263 3020 409 3096; x_wconf 89' lang='lat' dir='ltr'>ancillae,</span> <span class='ocrx_word' id='word_1_218' title='bbox 428 3042 493 3103; x_wconf 87' lang='lat' dir='ltr'>qua</span> <span class='ocrx_word' id='word_1_219' title='bbox 509 3042 627 3104; x_wconf 88' lang='lat' dir='ltr'>poenas</span> <span class='ocrx_word' id='word_1_220' title='bbox 643 3021 715 3084; x_wconf 90' lang='lat' dir='ltr'>luce</span> <span class='ocrx_word' id='word_1_221' title='bbox 732 3021 883 3106; x_wconf 90' lang='lat' dir='ltr'>pependit</span> 
     </span>
     <span class='ocr_line' id='line_1_34' title="bbox 113 3103 721 3171; baseline 0 -1"><span class='ocrx_word' id='word_1_222' title='bbox 113 3107 184 3170; x_wconf 88' lang='lat' dir='ltr'>lusa</span> <span class='ocrx_word' id='word_1_223' title='bbox 200 3105 335 3170; x_wconf 86' lang='lat' dir='ltr'>maritali</span> <span class='ocrx_word' id='word_1_224' title='bbox 353 3103 478 3171; x_wconf 84' lang='lat' dir='ltr'>Gallica</span> <span class='ocrx_word' id='word_1_225' title='bbox 494 3117 582 3170; x_wconf 87' lang='lat' dir='ltr'>veste</span> <span class='ocrx_word' id='word_1_226' title='bbox 599 3129 721 3170; x_wconf 88' lang='lat' dir='ltr'>manus.</span> 
     </span>
    </p>

    <p class='ocr_par' dir='ltr' id='par_1_19' title="bbox 70 3190 964 3359">
     <span class='ocr_line' id='line_1_35' title="bbox 70 3190 964 3277; baseline 0.002 -20"><span class='ocrx_word' id='word_1_227' title='bbox 70 3192 123 3257; x_wconf 80' lang='lat' dir='ltr'>fac</span> <span class='ocrx_word' id='word_1_228' title='bbox 142 3190 280 3275; x_wconf 90' lang='lat' dir='ltr'>plebem,</span> <span class='ocrx_word' id='word_1_229' title='bbox 298 3190 375 3255; x_wconf 92' lang='lat' dir='ltr'>mihi</span> <span class='ocrx_word' id='word_1_230' title='bbox 393 3192 500 3268; x_wconf 89' lang='lat' dir='ltr'>crede,</span> <span class='ocrx_word' id='word_1_231' title='bbox 519 3201 616 3256; x_wconf 87' lang='lat' dir='ltr'>tuam.</span> <span class='ocrx_word' id='word_1_232' title='bbox 660 3192 701 3256; x_wconf 89' lang='lat' dir='ltr'>sit</span> <span class='ocrx_word' id='word_1_233' title='bbox 718 3215 844 3277; x_wconf 90' lang='lat' dir='ltr'>semper</span> <span class='ocrx_word' id='word_1_234' title='bbox 860 3193 893 3258; x_wconf 90' lang='lat' dir='ltr'>in</span> <span class='ocrx_word' id='word_1_235' title='bbox 909 3194 964 3259; x_wconf 91' lang='lat' dir='ltr'>illa</span> 
     </span>
     <span class='ocr_line' id='line_1_36' title="bbox 113 3275 796 3359; baseline 0.003 -19"><span class='ocrx_word' id='word_1_236' title='bbox 113 3277 227 3342; x_wconf 91' lang='lat' dir='ltr'>ianitor</span> <span class='ocrx_word' id='word_1_237' title='bbox 244 3288 276 3341; x_wconf 91' lang='lat' dir='ltr'>et</span> <span class='ocrx_word' id='word_1_238' title='bbox 293 3276 423 3342; x_wconf 84' lang='lat' dir='ltr'>thalami</span> <span class='ocrx_word' id='word_1_239' title='bbox 440 3275 496 3359; x_wconf 91' lang='lat' dir='ltr'>qui</span> <span class='ocrx_word' id='word_1_240' title='bbox 512 3275 595 3342; x_wconf 89' lang='lat' dir='ltr'>iacet</span> <span class='ocrx_word' id='word_1_241' title='bbox 611 3290 685 3342; x_wconf 83' lang='lat' dir='ltr'>ante</span> <span class='ocrx_word' id='word_1_242' title='bbox 702 3277 796 3344; x_wconf 88' lang='lat' dir='ltr'>fores.</span> 
     </span>
    </p>

    <p class='ocr_par' dir='ltr' id='par_1_20' title="bbox 70 3361 852 3535">
     <span class='ocr_line' id='line_1_37' title="bbox 70 3361 852 3462; baseline 0.004 -36"><span class='ocrx_word' id='word_1_243' title='bbox 70 3385 131 3428; x_wconf 88' lang='lat' dir='ltr'>nec</span> <span class='ocrx_word' id='word_1_244' title='bbox 148 3361 308 3426; x_wconf 87' lang='lat' dir='ltr'>dominam</span> <span class='ocrx_word' id='word_1_245' title='bbox 324 3362 419 3427; x_wconf 89' lang='lat' dir='ltr'>iubeo</span> <span class='ocrx_word' id='word_1_246' title='bbox 434 3363 573 3462; x_wconf 87' lang='lat' dir='ltr'>pretioso</span> <span class='ocrx_word' id='word_1_247' title='bbox 591 3386 722 3428; x_wconf 89' lang='lat' dir='ltr'>munere</span> <span class='ocrx_word' id='word_1_248' title='bbox 739 3364 852 3429; x_wconf 86' lang='lat' dir='ltr'>dones:</span> 
     </span>
     <span class='ocr_line' id='line_1_38' title="bbox 113 3447 804 3535; baseline 0.004 -24"><span class='ocrx_word' id='word_1_249' title='bbox 113 3471 226 3534; x_wconf 86' lang='lat' dir='ltr'>parva,</span> <span class='ocrx_word' id='word_1_250' title='bbox 245 3447 301 3512; x_wconf 89' lang='lat' dir='ltr'>sed</span> <span class='ocrx_word' id='word_1_251' title='bbox 318 3471 336 3512; x_wconf 91' lang='lat' dir='ltr'>e</span> <span class='ocrx_word' id='word_1_252' title='bbox 353 3470 460 3532; x_wconf 78' lang='lat' dir='ltr'>parus</span> <span class='ocrx_word' id='word_1_253' title='bbox 478 3447 610 3512; x_wconf 88' lang='lat' dir='ltr'>callidus</span> <span class='ocrx_word' id='word_1_254' title='bbox 628 3460 703 3535; x_wconf 87' lang='lat' dir='ltr'>apta</span> <span class='ocrx_word' id='word_1_255' title='bbox 720 3449 804 3514; x_wconf 87' lang='lat' dir='ltr'>dato.</span> 
     </span>
    </p>

    <p class='ocr_par' dir='ltr' id='par_1_21' title="bbox 72 3532 945 3705">
     <span class='ocr_line' id='line_1_39' title="bbox 72 3532 945 3620; baseline 0.002 -23"><span class='ocrx_word' id='word_1_256' title='bbox 72 3535 148 3597; x_wconf 88' lang='lat' dir='ltr'>dum</span> <span class='ocrx_word' id='word_1_257' title='bbox 166 3534 246 3598; x_wconf 91' lang='lat' dir='ltr'>bene</span> <span class='ocrx_word' id='word_1_258' title='bbox 265 3533 353 3597; x_wconf 90' lang='lat' dir='ltr'>dives</span> <span class='ocrx_word' id='word_1_259' title='bbox 372 3555 458 3618; x_wconf 86' lang='lat' dir='ltr'>ager,</span> <span class='ocrx_word' id='word_1_260' title='bbox 476 3532 553 3597; x_wconf 94' lang='lat' dir='ltr'>dum</span> <span class='ocrx_word' id='word_1_261' title='bbox 570 3535 650 3598; x_wconf 89' lang='lat' dir='ltr'>rami</span> <span class='ocrx_word' id='word_1_262' title='bbox 667 3534 805 3620; x_wconf 89' lang='lat' dir='ltr'>pondere</span> <span class='ocrx_word' id='word_1_263' title='bbox 823 3546 945 3613; x_wconf 85' lang='lat' dir='ltr'>nutant,</span> 
     </span>
     <span class='ocr_line' id='line_1_40' title="bbox 114 3618 769 3705; baseline 0.002 -22"><span class='ocrx_word' id='word_1_264' title='bbox 114 3619 237 3683; x_wconf 85' lang='lat' dir='ltr'>adferat</span> <span class='ocrx_word' id='word_1_265' title='bbox 253 3618 286 3682; x_wconf 92' lang='lat' dir='ltr'>in</span> <span class='ocrx_word' id='word_1_266' title='bbox 304 3619 427 3683; x_wconf 85' lang='lat' dir='ltr'>calatho</span> <span class='ocrx_word' id='word_1_267' title='bbox 445 3618 563 3682; x_wconf 85' lang='lat' dir='ltr'>rustica</span> <span class='ocrx_word' id='word_1_268' title='bbox 581 3619 664 3684; x_wconf 90' lang='lat' dir='ltr'>dona</span> <span class='ocrx_word' id='word_1_269' title='bbox 681 3643 769 3705; x_wconf 88' lang='lat' dir='ltr'>puer.</span> 
     </span>
    </p>

    <p class='ocr_par' dir='ltr' id='par_1_22' title="bbox 70 3703 798 3876">
     <span class='ocr_line' id='line_1_41' title="bbox 70 3703 798 3789; baseline 0.001 -20"><span class='ocrx_word' id='word_1_270' title='bbox 70 3728 143 3771; x_wconf 91' lang='lat' dir='ltr'>rure</span> <span class='ocrx_word' id='word_1_271' title='bbox 162 3705 343 3768; x_wconf 89' lang='lat' dir='ltr'>suburbano</span> <span class='ocrx_word' id='word_1_272' title='bbox 360 3703 477 3789; x_wconf 84' lang='lat' dir='ltr'>poteris</span> <span class='ocrx_word' id='word_1_273' title='bbox 495 3704 553 3768; x_wconf 87' lang='lat' dir='ltr'>tibi</span> <span class='ocrx_word' id='word_1_274' title='bbox 572 3705 674 3770; x_wconf 85' lang='lat' dir='ltr'>dicere</span> <span class='ocrx_word' id='word_1_275' title='bbox 692 3706 798 3783; x_wconf 89' lang='lat' dir='ltr'>missa,</span> 
     </span>
     <span class='ocr_line' id='line_1_42' title="bbox 112 3789 764 3876; baseline 0 -21"><span class='ocrx_word' id='word_1_276' title='bbox 112 3791 167 3855; x_wconf 90' lang='lat' dir='ltr'>illa</span> <span class='ocrx_word' id='word_1_277' title='bbox 184 3790 235 3854; x_wconf 89' lang='lat' dir='ltr'>vel</span> <span class='ocrx_word' id='word_1_278' title='bbox 252 3789 285 3853; x_wconf 95' lang='lat' dir='ltr'>in</span> <span class='ocrx_word' id='word_1_279' title='bbox 303 3810 392 3853; x_wconf 88' lang='lat' dir='ltr'>saera</span> <span class='ocrx_word' id='word_1_280' title='bbox 410 3790 471 3853; x_wconf 86' lang='lat' dir='ltr'>sint</span> <span class='ocrx_word' id='word_1_281' title='bbox 488 3789 562 3855; x_wconf 89' lang='lat' dir='ltr'>lieet</span> <span class='ocrx_word' id='word_1_282' title='bbox 579 3802 686 3876; x_wconf 87' lang='lat' dir='ltr'>empta</span> <span class='ocrx_word' id='word_1_283' title='bbox 703 3792 764 3855; x_wconf 90' lang='lat' dir='ltr'>via.</span> 
     </span>
    </p>

    <p class='ocr_par' dir='ltr' id='par_1_23' title="bbox 71 3875 943 4027">
     <span class='ocr_line' id='line_1_43' title="bbox 71 3875 943 3961; baseline 0.003 -22"><span class='ocrx_word' id='word_1_284' title='bbox 71 3875 195 3940; x_wconf 88' lang='lat' dir='ltr'>adferat</span> <span class='ocrx_word' id='word_1_285' title='bbox 212 3885 267 3938; x_wconf 86' lang='lat' dir='ltr'>aut</span> <span class='ocrx_word' id='word_1_286' title='bbox 284 3898 376 3952; x_wconf 87' lang='lat' dir='ltr'>uvas,</span> <span class='ocrx_word' id='word_1_287' title='bbox 395 3887 450 3938; x_wconf 90' lang='lat' dir='ltr'>aut</span> <span class='ocrx_word' id='word_1_288' title='bbox 467 3896 547 3958; x_wconf 88' lang='lat' dir='ltr'>quas</span> <span class='ocrx_word' id='word_1_289' title='bbox 565 3875 739 3961; x_wconf 84' lang='lat' dir='ltr'>Amaryllis</span> <span class='ocrx_word' id='word_1_290' title='bbox 757 3878 883 3942; x_wconf 88' lang='lat' dir='ltr'>amabat</span> <span class='ocrx_word' id='word_1_291' title='bbox 901 3914 943 3924; x_wconf 95' lang='lat'><em>-</em></span> 
     </span>
     <span class='ocr_line' id='line_1_44' title="bbox 114 3959 845 4027; baseline 0.004 -3"><span class='ocrx_word' id='word_1_292' title='bbox 114 3972 147 4025; x_wconf 88' lang='lat' dir='ltr'>at</span> <span class='ocrx_word' id='word_1_293' title='bbox 164 3959 225 4024; x_wconf 88' lang='lat' dir='ltr'>nisi</span> <span class='ocrx_word' id='word_1_294' title='bbox 242 3971 405 4025; x_wconf 85' lang='lat' dir='ltr'>castaneae</span> <span class='ocrx_word' id='word_1_295' title='bbox 423 3982 487 4024; x_wconf 91' lang='lat' dir='ltr'>non</span> <span class='ocrx_word' id='word_1_296' title='bbox 504 3972 591 4025; x_wconf 88' lang='lat' dir='ltr'>amat</span> <span class='ocrx_word' id='word_1_297' title='bbox 607 3962 661 4026; x_wconf 89' lang='lat' dir='ltr'>illa</span> <span class='ocrx_word' id='word_1_298' title='bbox 677 3999 721 4009; x_wconf 86' lang='lat'>-</span> <span class='ocrx_word' id='word_1_299' title='bbox 737 3984 845 4027; x_wconf 85' lang='lat' dir='ltr'>nuces.</span> 
     </span>
    </p>

    <p class='ocr_par' dir='ltr' id='par_1_24' title="bbox 70 4045 869 4135">
     <span class='ocr_line' id='line_1_45' title="bbox 70 4045 869 4135; baseline 0.008 -24"><span class='ocrx_word' id='word_1_300' title='bbox 70 4047 147 4134; x_wconf 89' lang='lat' dir='ltr'>quin</span> <span class='ocrx_word' id='word_1_301' title='bbox 165 4045 262 4114; x_wconf 89' lang='lat' dir='ltr'>etiam</span> <span class='ocrx_word' id='word_1_302' title='bbox 278 4045 434 4135; x_wconf 87' lang='lat' dir='ltr'>turdoque</span> <span class='ocrx_word' id='word_1_303' title='bbox 452 4046 526 4115; x_wconf 86' lang='lat' dir='ltr'>licet</span> <span class='ocrx_word' id='word_1_304' title='bbox 542 4046 702 4135; x_wconf 87' lang='lat' dir='ltr'>missaque</span> <span class='ocrx_word' id='word_1_305' title='bbox 720 4048 869 4117; x_wconf 85' lang='lat' dir='ltr'>columba</span> 
     </span>
    </p>
   </div>
   <div class='ocr_carea' id='block_1_4' title="bbox 0 0 1313 4974">
    <p class='ocr_par' dir='ltr' id='par_1_25' title="bbox 0 0 1313 4974">
     <span class='ocr_line' id='line_1_46' title="bbox 0 0 1313 4974; baseline 0 0"><span class='ocrx_word' id='word_1_306' title='bbox 0 0 1313 4974; x_wconf 95' lang='lat' dir='ltr'> </span> 
     </span>
    </p>
   </div>
  </div>
 </body>
</html>
