2604 4974
402 330 608 391 HEROIDUM
624 332 689 389 XV.
707 332 834 389 32-119.

149 454 290 531 moenia,
307 453 478 520 Phoebeae
497 465 617 521 structa
634 479 747 521 canore
765 457 861 540 lyrae.
872 501 915 544 μς,
934 504 942 539 ,

104 541 184 625 quid
204 540 263 604 tibi
280 541 320 605 de
338 540 432 605 turba
448 563 574 606 narrem
591 563 786 626 numeroque
805 542 963 612 virorum?

149 627 204 691 vix
221 626 375 712 populum
393 626 487 691 tellus
505 627 638 693 sustinet
655 627 710 692 illa
727 650 829 691 suum.
1008 703 1010 709 Α

105 724 274 777 occurrent
291 712 389 776 denso
408 711 465 775 tibi
483 712 624 778 Troades
642 713 768 799 agmine
786 718 917 789 matres,
1010 705 1022 726 ⁴

149 820 209 863 nec
227 797 353 882 capient
369 797 529 884 Phrygias
548 799 626 863 atria
643 810 752 864 nostra
767 822 876 864 nurus.

105 906 125 948 0
145 883 292 967 quotiens
310 883 396 948 dices
414 891 525 968 ‘quam
541 907 663 970 pauper
679 885 804 949 Achata
821 899 928 951 nostra
946 883 1022 949 estl’

150 992 216 1033 una
234 969 347 1034 domus
364 970 496 1052 quaevis
514 971 601 1035 urbis
619 971 748 1036 habebit
767 993 852 1057 opes.

106 1077 166 1120 nec
184 1055 262 1119 mihi
279 1055 328 1120 fas
345 1055 442 1120 fuerit
459 1054 595 1142 Sparten
613 1067 813 1122 contemnere
830 1067 986 1122 vestram:

149 1141 183 1204 in
201 1162 266 1224 qua
283 1152 318 1205 tu
334 1151 411 1205 nata
428 1165 476 1219 es,
495 1153 578 1206 terra
595 1143 690 1207 beata
706 1142 783 1206 mihi
802 1154 857 1207 est.

106 1248 205 1312 parca
223 1227 346 1291 sedeat
364 1225 493 1312 Sparte,
511 1238 546 1291 tu
564 1229 651 1292 cultu
669 1228 765 1293 divite
782 1229 892 1313 digna:

150 1312 192 1377 ad
211 1313 307 1376 talem
323 1311 458 1376 formam
475 1335 539 1376 non
557 1313 634 1378 facit
650 1313 709 1378 iste
726 1314 825 1378 locus.

105 1397 189 1462 hanc
206 1397 322 1463 faciem
339 1398 435 1482 largis
454 1398 520 1464 sine
537 1398 600 1464 fine
618 1399 781 1485 paratibus
798 1400 845 1464 uti

149 1483 334 1567 deliciisque
352 1485 443 1548 decet
459 1485 619 1550 luxuriare
637 1485 738 1549 novis.

106 1593 181 1635 cum
201 1569 308 1633 videas
327 1569 429 1633 cultus
446 1581 554 1634 nostra
571 1571 610 1635 de
628 1580 724 1656 gente
741 1571 890 1647 virorum,

149 1655 276 1739 qualem
293 1653 473 1719 Dardanias
492 1655 593 1720 credis
611 1656 728 1721 habere
744 1656 863 1720 nurus?

106 1741 150 1805 da
165 1740 261 1804 modo
280 1751 311 1805 te
328 1741 453 1805 facilem
471 1762 530 1805 nec
548 1742 720 1827 dedignare
737 1742 895 1819 maritum,

149 1848 223 1890 rure
241 1825 448 1911 Therapnaeo
466 1839 541 1891 nata
558 1828 677 1912 pueHa‚
695 1826 869 1913 Phrygem.

105 1911 219 1996 Phryx
238 1921 306 1976 erat
324 1924 356 1976 et
373 1923 480 1975 nostro
497 1913 624 1998 genitus
643 1914 682 1978 de
700 1914 868 1998 sanguine,
887 1912 941 1997 qui
959 1935 1044 1976 nunc

150 2020 224 2062 cum
242 1997 290 2061 dis
308 1997 447 2082 potando
464 2010 591 2063 nectare
608 1999 719 2064 miscet
737 2020 846 2083 aquas.

105 2083 218 2168 Phryx
236 2093 303 2148 erat
321 2083 467 2147 Aurorae
484 2083 635 2147 coniunx:
654 2096 760 2149 tamen
778 2084 907 2148 abstulit
923 2084 1013 2148 illum

150 2181 328 2234 extremum
346 2168 447 2232 noctis
465 2190 547 2252 quae
566 2170 627 2234 dea
642 2169 711 2233 finit
727 2170 796 2234 iter.

105 2255 220 2340 Phryx
238 2256 333 2319 etiam
350 2253 523 2332 Anchises,
542 2256 706 2319 volucrum
725 2256 776 2319 cui
793 2267 894 2320 mater
911 2255 1067 2320 Amorum

149 2341 270 2427 gaudet
286 2341 319 2404 in
336 2339 441 2404 Idaeis
460 2341 668 2406 concubuisse
686 2341 779 2426 iugis.

105 2449 182 2503 nec,
200 2437 287 2510 puto,
306 2425 437 2491 conlatis
454 2426 557 2490 forma
574 2427 741 2492 Menelaus
761 2438 792 2491 et
809 2427 898 2491 annis

149 2511 255 2576 iudice
272 2524 304 2577 te
321 2512 413 2576 nobis
431 2512 652 2578 anteferendus
671 2514 738 2577 erit.

105 2621 172 2663 non
191 2597 337 2662 dabimus
355 2607 438 2662 certe
456 2619 600 2663 socerum
618 2599 675 2662 tibi
693 2600 777 2663 clara
794 2597 960 2683 fugantem

148 2683 284 2759 lumina,
303 2683 358 2766 qui
375 2683 515 2768 trepidos
533 2706 552 2747 a
570 2685 651 2771 dape
670 2694 770 2749 vertat
788 2704 900 2766 equos:

106 2791 167 2834 nec
184 2769 315 2833 Priamo
331 2779 422 2853 pater
439 2780 488 2834 est
505 2770 605 2834 soceri
622 2770 662 2836 de
681 2770 777 2835 caede
795 2779 953 2845 cruentus,

150 2866 183 2920 et
200 2854 255 2939 qui
272 2853 418 2938 Myrtoas
437 2854 567 2919 crimine
584 2856 689 2940 signat
706 2877 821 2938 aquas:

105 2963 166 3006 nec
183 2961 302 3025 proavo
322 2938 437 3025 Stygia
453 2952 561 3004 nostro
580 2952 745 3026 captantur
761 2941 794 3004 in
811 2940 898 3004 unda

149 3046 260 3126 poma,
278 3025 387 3090 necin
405 3026 516 3091 mediis
535 3028 696 3110 quaeritur
712 3048 804 3090 umor
821 3026 921 3109 aquis.

106 3112 184 3197 qurd
202 3123 309 3176 tamen
326 3111 387 3175 hoc
404 3112 515 3188 refert,
533 3113 560 3176 si
578 3124 608 3177 te
627 3124 712 3177 tenet
729 3123 816 3177 ortus
834 3111 876 3175 ab
892 3111 973 3175 illis?

150 3197 275 3282 cogitur
292 3197 366 3261 huic
383 3197 492 3261 domui
509 3198 653 3283 Iuppiter
670 3221 738 3263 esse
757 3218 855 3262 socer.

107 3284 170 3349 heu
187 3281 325 3347 facinusl
353 3282 426 3347 totis
444 3283 593 3369 indignus
610 3283 756 3348 noctibus
773 3282 826 3348 ille

148 3381 181 3433 te
198 3378 299 3445 tenet,
318 3369 467 3453 amplexu
484 3369 720 3454 perfruiturque
738 3379 803 3432 tuo.

107 3465 139 3519 at
157 3453 236 3518 mihi
253 3453 443 3539 conspiceris
456 3454 565 3539 ‚posita
582 3454 635 3519 vix
654 3454 789 3536 denique
807 3477 930 3519 mensa:

149 3541 328 3622 multaque,
347 3560 428 3622 quae
446 3539 587 3617 laedant,
605 3539 666 3605 hoc
683 3560 809 3623 quoque
827 3550 951 3625 tempus
969 3539 1073 3604 habet.

107 3625 251 3690 hostibus
269 3624 417 3690 eveniant
434 3625 579 3690 convivia
596 3626 671 3690 talia
688 3626 812 3701 nostris,

150 3710 297 3812 experior
312 3710 415 3796 posito
434 3712 540 3793 qualia
556 3733 652 3796 saepe
668 3732 765 3775 mero.

107 3806 250 3883 paenitet
265 3795 407 3881 hospitii,
426 3817 498 3859 cum
517 3819 568 3861 me
586 3807 748 3882 spectante
765 3796 898 3859 lacertos
1145 3815 1194 3865 115

148 3881 284 3967 imponit
301 3880 382 3945 collo
400 3882 535 3946 rusticus
553 3881 612 3947 iste
630 3892 695 3946 tuo.

107 3989 239 4052 rumpor
256 3977 289 4031 et
304 3966 432 4031 invideo
449 4001 492 4013 —
509 3967 620 4050 quidni
637 3978 743 4032 tamen
761 3966 866 4032 omnia
883 3966 1028 4034 narrem?
1044 4000 1088 4016 -·

149 4052 294 4117 membra
311 4052 489 4137 superiecta
506 4074 578 4117 cum
597 4064 652 4117 tua
668 4063 757 4117 veste
774 4052 870 4116 fovet.

107 4139 218 4209 oscula
235 4160 309 4204 cum
326 4159 401 4205 vero
419 4158 526 4204 coram
543 4161 608 4207 non
626 4139 708 4207 dura
725 4138 859 4218 daretis,
