2604 4974
253 268 368 324 narra
385 269 614 326 auaronmn
632 268 705 325 nm.
724 268 776 324 111.
795 266 939 325 aaa-575.
1047 252 1109 321 189

128 391 285 457 facundus
303 415 431 458 causam
450 416 545 480 saepe
562 393 684 459 clientis
702 403 785 478 agat.

84 478 224 542 carmina
243 479 297 562 qui
314 477 463 556 facimus,
480 479 642 544 mittamus
661 479 799 543 carmina
816 489 949 543 tantum.

126 563 179 628 hic
196 563 311 630 chorus
330 576 402 630 ante
421 565 498 630 alios
517 577 610 651 aptus
628 587 734 630 amare
753 586 872 628 sumus.

82 670 140 713 nos
158 649 292 713 facimus
310 650 444 734 placitae
461 652 523 717 late
541 651 709 737 praeconia
725 651 860 715 formae:

125 756 241 800 nomen
259 735 354 800 habet
371 734 531 813 Nemesis,
550 734 689 821 Cynthia
706 757 820 800 nomen
839 734 950 801 habet:

83 843 197 906 vesper
214 832 246 886 et
263 842 338 886 eoae
356 843 471 887 novere
490 821 651 908 Lycorida
667 833 783 886 terrae:

125 906 279 981 etmulti,
297 928 379 990 quae
396 907 437 971 sit
454 921 562 973 nostra
580 905 734 983 Corinna,
753 918 876 992 rogant.

83 993 164 1057 adde
182 993 268 1075 quod
285 992 417 1058 insidiae
435 994 531 1059 sacris
550 1016 569 1057 a
586 994 712 1058 vatibus
730 992 865 1069 absunt·

124 1088 155 1143 et
173 1077 249 1143 facit
266 1077 307 1142 ad
324 1101 427 1144 mores
446 1103 496 1144 ars
516 1100 643 1162 quoque
660 1089 769 1142 nostra
786 1099 870 1143 suos.

81 1186 140 1229 nec
157 1185 215 1228 nos
234 1163 363 1228 ambitio
380 1187 439 1229 nec
456 1188 545 1230 arnor
561 1187 619 1230 nos
637 1165 740 1250 tangit
757 1163 909 1230 habendi:

124 1261 306 1335 contempto
324 1250 438 1316 colitur
453 1252 555 1318 lectus
574 1262 606 1316 et
622 1250 736 1315 umbra
753 1248 832 1314 foro.

82 1334 137 1401 sed
155 1335 248 1399 facile
266 1334 432 1402 haeremus
450 1337 619 1421 validoque
637 1335 816 1422 perurimur
833 1345 922 1401 aestu

123 1430 155 1485 et
172 1421 305 1488 nimium
322 1433 408 1487 certa
425 1424 542 1488 scimus
560 1445 665 1487 amare
683 1422 756 1486 fide.

81 1507 200 1572 scilicet
215 1506 379 1592 ingenium
397 1509 522 1593 placida
538 1508 678 1573 mollitur
695 1508 736 1572 ab
755 1517 831 1582 arte,

123 1603 155 1658 et
172 1593 277 1658 studio
294 1616 398 1659 mores
416 1595 639 1660 convenienter
656 1603 741 1658 eunt.

80 1679 205 1743 vatibus
224 1679 338 1744 Aoniis
356 1680 464 1747 faciles
483 1691 597 1757 estote,
615 1680 754 1765 puellae:

122 1787 240 1829 numen
257 1765 339 1831 inest
355 1765 432 1843 illis,
450 1763 659 1850 Pieridesque
676 1765 794 1829 favern.

80 1860 127 1914 est
144 1850 223 1915 deus
240 1850 273 1914 in
290 1851 396 1928 nobis,
414 1863 447 1918 et
463 1864 537 1916 sunt
554 1850 742 1917 commercia
760 1851 853 1916 caeli:

122 1935 250 2000 sedibus
268 1937 413 2003 aetheriis
432 1939 558 2023 spiritus
576 1938 629 2003 ille
647 1937 743 2002 venit.

80 2044 99 2085 a
116 2020 217 2087 doctis
234 2023 370 2108 pretium
389 2027 491 2091 scelus
509 2036 557 2090 est
575 2046 700 2110 sperare
717 2022 828 2108 poetis.

122 2130 173 2172 me
190 2106 354 2175 miseruml
382 2113 485 2176 scelus
503 2111 563 2176 hoc
581 2112 669 2174 nulla
686 2109 791 2194 puella
808 2108 907 2173 timet.

81 2191 276 2260 dissimulate
294 2207 413 2273 tamen,
432 2218 491 2262 nec
509 2196 611 2282 prima
628 2195 731 2260 fronte
748 2215 878 2279 rapaces

121 2288 202 2344 este:
220 2302 323 2345 novus
341 2281 408 2346 viso
427 2304 515 2347 casse
533 2281 658 2348 resistet
674 2302 793 2356 amans.
811 2315 854 2326 —

78 2364 133 2430 sed
150 2386 255 2448 neque
272 2377 380 2432 vector
397 2390 530 2451 equum,
549 2368 605 2451 qui
621 2388 723 2452 nuper
740 2364 838 2430 sensit
854 2364 1005 2440 habenas,

121 2451 321 2536 comparibus
339 2451 436 2519 frenis
455 2453 669 2535 artificemque
685 2461 786 2537 reget,

77 2558 137 2601 nec
155 2535 275 2602 stabilis
293 2538 413 2604 animos
432 2539 522 2603 annis
539 2538 735 2620 viridemque
753 2538 914 2602 iuventam

119 2632 156 2685 ut
174 2623 295 2722 capias,
312 2624 397 2691 idem
414 2625 505 2690 limes
522 2625 666 2710 agendus
685 2624 752 2688 erit.

77 2706 129 2772 hic
146 2707 234 2772 rudrs
253 2719 283 2774 et
302 2710 412 2776 castris
430 2732 516 2775 nunc
533 2711 670 2797 primurn
687 2719 781 2772 notus
798 2707 938 2784 Amoris,

120 2793 176 2877 qui
193 2793 296 2879 tetigit
313 2796 468 2862 thalamos
486 2797 605 2882 praeda
621 2795 746 2860 novella
763 2805 845 2871 tuos,

78 2889 108 2943 te
126 2879 227 2944 solam
244 2881 340 2961 norit,
358 2883 416 2948 tibi
434 2905 559 2968 semper
574 2882 736 2946 inhaereat
754 2880 823 2944 uni:

120 2965 277 3050 cingenda
294 2981 342 3034 est
358 2969 429 3034 altis
448 2969 596 3055 saepibus
613 2967 675 3032 ista
692 2989 794 3052 seges.

78 3050 184 3136 effuge
202 3051 347 3120 rivalem:
365 3054 489 3132 vinces,
509 3055 586 3119 dum
603 3054 671 3118 sola
688 3052 819 3118 tenebis.

119 3159 184 3200 non
201 3137 282 3204 bene
300 3163 373 3207 cum
390 3141 484 3207 sociis
502 3163 602 3226 regna
619 3139 794 3222 Venusque
812 3147 950 3203 manent.

75 3221 128 3286 ille
146 3233 237 3287 vetus
254 3226 345 3292 miles
363 3227 478 3292 sensim
497 3238 529 3292 et
546 3225 703 3312 sapienter
721 3223 839 3288 amabit

119 3309 282 3392 multaque
299 3311 392 3377 tironi
414 3335 479 3376 non
495 3312 644 3398 patienda
661 3311 751 3375 feret.

76 3415 136 3458 nec
153 3393 278 3481 franget
296 3409 402 3483 postes
420 3420 480 3464 nec
498 3397 600 3463 saevis
619 3396 746 3482 ignibus
763 3406 833 3460 uret

119 3500 178 3544 nec
196 3480 341 3548 dominae
358 3494 482 3549 teneras
500 3483 628 3569 adpetet
644 3504 752 3567 ungue
769 3503 878 3565 genas,

76 3586 136 3629 nec
153 3565 275 3632 scindet
292 3568 456 3633 tunicasve
473 3592 547 3634 suas
566 3567 729 3632 tunicasve
746 3567 881 3652 puellae,

118 3673 177 3717 nec
194 3665 303 3738 raptus
321 3654 417 3719 flendi
435 3676 531 3718 causa
548 3653 681 3738 capillus
700 3652 767 3718 erit.

75 3735 136 3800 ista
154 3736 267 3804 decent
285 3761 400 3825 pueros
418 3751 520 3805 aetate
539 3754 570 3805 et
588 3760 695 3804 amore
712 3738 863 3803 calentes:

118 3821 170 3887 hic
187 3825 255 3890 fera
272 3825 446 3912 composita
462 3826 594 3890 vulnera
611 3834 716 3890 mente
733 3824 823 3898 feret,

75 3907 203 3994 ignibus
221 3909 273 3974 hic
291 3912 383 3977 lentis
400 3925 519 3989 uretur,
538 3923 574 3975 ut
590 3910 700 3975 umida
716 3909 819 3985 faena,

120 4008 155 4059 ut
172 3995 267 4061 modo
284 3997 441 4062 montanis
459 3998 539 4063 silva
554 3997 657 4062 recisa
672 3995 766 4080 iugis.

77 4081 190 4152 certior
208 4081 259 4149 hic
277 4106 365 4153 amor
382 4097 444 4162 est,
460 4083 569 4174 gravis
587 4095 621 4151 et
636 4081 807 4152 fecundior
818 4080 893 4147 tue„
