2604 4974
332 230 501 289 Auonnu
516 231 590 286 mn.
608 232 647 287 11.
666 232 718 302 rx,
736 231 857 300 rs-xr,
874 229 916 286 at.
1073 215 1136 282 109

110 353 224 421 induat
241 354 381 421 adversis
400 353 555 420 contraria
571 365 699 456 pectora
716 354 786 420 telis

152 443 245 507 miles
264 452 295 506 et
313 451 477 506 aeternum
495 463 650 526 sangume
667 463 784 505 nomen
802 450 895 505 emat.

111 539 245 612 quaerat
262 549 377 591 avarus
395 548 486 613 opes,
505 538 536 592 et
553 548 635 611 quae
652 525 777 591 lassarit
794 526 912 592 arando

153 634 307 697 aequora,
325 612 452 698 periuro
470 612 644 698 naufragus
663 634 717 677 ore
735 612 834 676 bibat.

110 709 144 763 at
161 699 239 762 mihi
256 699 420 784 contingat
436 698 571 763 Veneris
588 699 795 784 languescere
811 709 911 774 motu,

153 807 226 850 cum
244 785 370 860 moriar,
387 784 528 849 medium
546 785 650 849 solvar
667 796 700 849 et
716 783 799 849 inter
816 805 911 870 opus3

111 879 206 954 atque
224 869 337 954 aliquis
354 881 461 934 nostro
478 868 647 934 lacrimans
664 869 698 933 in
715 868 827 934 funere
845 870 931 934 dicat

153 955 358 1021 ‘couveniens
376 955 460 1020 vitae
477 976 562 1021 mors
579 955 641 1020 fuit
657 955 719 1020 ista
736 955 829 1020 tuae.’

590 1108 655 1175 XI.

108 1212 221 1279 Prima
237 1213 338 1278 malas
355 1212 476 1290 docuit,
494 1211 682 1279 mirantibus
700 1212 845 1297 aequoris
863 1212 967 1290 undis,

151 1298 282 1364 Peliaco
300 1299 394 1383 pinus
411 1298 529 1363 vertice
547 1299 737 1376 caesarias,

109 1407 191 1469 quae
209 1383 424 1450 concurrentis
440 1384 522 1449 inter
539 1385 706 1450 temeraria
723 1394 831 1449 cautes

152 1469 357 1556 conspicuam
373 1470 463 1535 fulvo
480 1469 597 1536 vellere
614 1471 702 1535 vexit.
719 1491 821 1535 ovem.

109 1556 283 1633 trutinam,
300 1579 341 1622 ne
359 1555 430 1640 quis
447 1577 535 1621 remo
552 1555 635 1620 freta
650 1555 748 1642 longa
764 1566 915 1633 moveret,

151 1642 243 1728 Argo
261 1641 403 1706 funestas
420 1664 530 1728 pressa
546 1641 679 1706 bibisset
696 1640 809 1724 aquas!

108 1750 198 1803 ecoe,
216 1728 301 1812 fugit
317 1738 492 1811 notumque
510 1739 615 1793 torum
633 1727 797 1811 sociosque
815 1737 955 1812 penates,

150 1813 336 1896 fallaciaque
353 1813 422 1878 vias
438 1813 485 1878 ire
504 1810 644 1878 Corinna
660 1825 761 1899 parat.

107 1899 186 1982 quid
203 1898 261 1962 tibi
278 1899 343 1982 (me
360 1899 511 1965 miserum
517 1898 541 1984 1)
558 1898 715 1985 zephyros
733 1920 888 1982 eurosque
905 1896 1025 1965 timebo
1109 1970 1111 1974 μ

150 1995 183 2050 et
200 1984 342 2070 gelidum
358 1983 479 2049 borean
496 1985 718 2070 egelidumque
736 1985 867 2049 notum?

106 2092 171 2135 non
188 2069 252 2134 illic
269 2070 378 2145 urbes,
396 2093 461 2135 non
478 2081 512 2134 tu
530 2070 686 2136 mirabere
704 2071 814 2135 silvas:

149 2178 215 2220 una
232 2165 281 2220 est
296 2155 406 2220 iniusti
423 2157 550 2221 caerula
566 2156 670 2220 forma
686 2156 791 2221 maris.

107 2263 167 2306 nec
185 2241 308 2307 medius
326 2241 429 2306 tenuis
447 2241 584 2306 conchas
601 2242 765 2325 pictosque
783 2241 907 2328 lapillos

149 2338 267 2413 pontus
285 2325 395 2392 habeti
414 2326 516 2391 bibuli
533 2327 632 2390 litoris
648 2327 705 2390 illa
721 2348 810 2390 mora
827 2338 884 2392 est.

105 2413 199 2479 litora
215 2413 400 2478 marmoreis
417 2412 552 2498 pedibus
570 2412 708 2498 signate,
726 2413 865 2498 puellae:

150 2499 304 2564 hactenus
322 2509 370 2564 est
387 2510 506 2575 tutum,
523 2508 629 2562 cetera
647 2519 742 2563 caeca
759 2498 812 2562 via
829 2510 887 2564 est.

108 2596 140 2651 et
156 2584 249 2649 vobis
266 2583 320 2649 alii
336 2597 503 2651 ventorum
521 2584 641 2669 proelia
657 2594 796 2659 narrent,

149 2692 229 2754 quas
247 2667 358 2756 Scylla
374 2669 502 2736 infestet
519 2690 639 2753 quasve
657 2667 840 2754 Charybdis
857 2691 969 2753 aquas,

106 2767 139 2823 et
156 2756 272 2839 quibus
290 2758 450 2821 emineant
466 2753 604 2821 violenta
622 2753 783 2821 Ceraunia
801 2754 895 2830 saxis,

148 2863 212 2925 quo
228 2841 350 2907 lateant
367 2839 478 2926 Syrtes
496 2863 613 2926 magna
629 2840 795 2924 minorque
814 2841 895 2905 sinu.

107 2928 185 2992 haec
203 2927 256 2991 alii
273 2927 426 3004 referant3
444 2937 476 2991 at
494 2949 551 2993 vos
569 2927 656 3011 quod
673 2925 808 3010 quisque
825 2927 973 3011 loquetur

150 3013 281 3078 credite:
300 3013 441 3078 credenti
457 3013 545 3077 nulla
561 3013 701 3098 procella
718 3023 821 3077 nocet.

107 3121 176 3164 sero
196 3099 364 3184 respicitur
381 3098 489 3174 tellus,
506 3098 563 3162 ubi
579 3097 656 3162 fune
673 3097 775 3162 soluto

150 3185 248 3249 currit
263 3185 297 3247 in
314 3184 495 3249 inmensum
511 3183 617 3269 panda
634 3183 741 3248 carina
758 3184 871 3247 salum.

106 3270 214 3335 navita
231 3269 383 3334 sollicitus
400 3269 477 3353 quin
494 3279 606 3334 ventos
624 3269 731 3334 horret
746 3269 883 3352 iniquos,

150 3366 181 3421 et
198 3377 297 3441 prope
315 3366 380 3419 tam
396 3355 497 3420 letum
515 3376 611 3438 quam
628 3376 727 3440 prope
745 3354 844 3419 cernit
861 3353 992 3439 aquaml

107 3442 193 3526 quod
211 3441 238 3505 si
256 3462 425 3506 concussas
443 3439 557 3504 Triton
574 3450 740 3526 exasperet
757 3440 870 3517 undas,

151 3549 247 3610 quam
265 3525 323 3590 tibi
340 3525 381 3591 sit
399 3537 465 3591 toto
482 3526 588 3590 nullus
605 3525 639 3589 in
656 3547 711 3591 ore
729 3524 827 3590 colori

107 3623 177 3677 tum
193 3633 348 3698 generosa
365 3634 459 3677 voces
476 3611 633 3677 fecundae
651 3610 756 3676 sidera
772 3611 883 3678 Ledae

151 3711 183 3763 et
200 3697 311 3774 ‘felix,'
330 3698 417 3762 dicas
434 3703 545 3780 ‘quem
562 3720 621 3761 sua
638 3707 722 3762 terra
738 3695 852 3761 tenetl'

107 3784 206 3848 tutius
225 3795 272 3848 est
289 3783 407 3848 fovisse
425 3795 543 3858 torum,
560 3782 676 3868 legisse
693 3782 826 3859 libellos,

151 3869 330 3935 Threiciam
349 3868 455 3954 digitis
473 3869 666 3954 increpuisse
683 3868 794 3952 lyram.

109 3966 142 4020 at
159 3955 186 4018 si
203 3976 287 4021 vana
303 3954 410 4020 ferunt
426 3954 571 4020 volucres
589 3977 662 4020 mea
679 3953 763 4018 dicta
780 3955 948 4038 procellae,

151 4063 254 4129 aequa
269 4051 376 4106 tamen
392 4040 493 4127 puppi
511 4040 551 4106 sit
568 4037 705 4108 Galatea
722 4051 806 4106 tuae.
