2604 4974
376 305 527 366 SAPPHO
544 309 694 368 PHAONI
711 308 854 365 las-sos.
1063 290 1128 360 219

149 432 319 498 Actiacum
337 433 448 519 populi
464 431 728 516 Leucadiumque
745 442 874 497 vocant:

104 519 179 585 hinc
196 541 231 583 se
248 517 426 583 Deucalion
443 517 588 603 Pyrrhae
606 539 776 582 succensus
794 539 901 583 amore

148 604 234 668 misit
252 614 281 669 et
298 604 407 668 illaeso
426 625 556 689 corpore
573 603 687 688 pressit
703 625 818 687 aquas:

104 711 165 755 nec
182 710 284 766 mora,
303 711 413 753 versus
431 711 519 753 amor
536 688 620 774 fugit
636 688 809 753 lentissima
827 688 921 754 mersi

148 786 290 860 pectora:
308 774 487 838 Deucalion
504 776 578 860 igne
595 776 718 838 levatus
736 786 812 838 erat.

106 859 189 925 hanc
205 861 309 944 legem
326 859 414 924 locus
431 860 483 924 ille
503 872 597 924 tenet.
641 872 713 944 pete
729 859 873 945 protinus
892 860 988 924 altam

149 945 316 1020 Leucada,
334 967 488 1009 necsaxo
506 945 668 1010 desiluisse
687 944 781 1009 time’

106 1042 143 1096 ut
158 1031 295 1107 monuit,
315 1052 387 1095 cum
406 1051 484 1095 voce
502 1031 588 1095 abiit.
633 1052 692 1115 ego
710 1029 826 1116 frigida
844 1051 950 1116 surgo,

151 1138 210 1182 nec
226 1116 380 1203 gravidae
396 1116 541 1180 lacrimas
560 1116 742 1181 continuere
759 1138 870 1200 genae.

107 1204 240 1279 ibimus,
258 1224 277 1265 o
295 1202 450 1287 nymphe,
468 1213 704 1285 monstrataque
723 1225 801 1266 saxa
818 1213 974 1287 petemus:

151 1288 191 1352 sit
208 1288 316 1373 procul
335 1288 445 1351 insano
464 1288 565 1352 victus
584 1309 690 1352 amore
708 1287 811 1352 timor.

107 1372 260 1459 quicquid
277 1373 350 1448 erit,
368 1373 480 1437 melius
498 1395 595 1456 quam
612 1394 697 1437 nunc
715 1373 783 1438 erit.
827 1396 919 1450 aura,
938 1372 1057 1438 subito:

152 1471 184 1524 et
201 1481 273 1522 mea
290 1479 353 1522 non
371 1481 523 1543 magnum
541 1480 673 1543 corpora
689 1459 814 1545 pondus
832 1458 959 1523 habent.

112 1557 148 1610 tu
165 1565 308 1627 quoque,
325 1544 428 1608 mollis
445 1544 557 1621 Amor,
576 1546 689 1629 pinnas
707 1567 851 1630 suppone
869 1545 1003 1622 cadenti,

152 1652 192 1695 ne
211 1629 270 1694 sim
288 1629 470 1694 Leucadiae
487 1641 612 1694 mortua
630 1630 747 1694 crimen
765 1651 877 1713 aquae.

109 1716 183 1780 inde
201 1715 315 1800 chelyn
332 1714 479 1792 Phoebo,
498 1717 676 1780 communia
692 1739 839 1793 munera,
856 1738 983 1802 ponam,

152 1812 183 1867 et
201 1800 261 1865 sub
279 1823 317 1864 ea
335 1823 444 1865 versus
462 1824 544 1865 unus
563 1814 595 1866 et
612 1802 691 1866 alter
708 1812 800 1866 erunt

109 1897 216 1972 ‘grata
233 1886 334 1971 lyram
353 1887 445 1971 posui
463 1886 535 1964 tibi,
553 1886 700 1963 Phoebe,
718 1887 839 1972 poetria
858 1886 1005 1974 Sappho:

153 1971 301 2037 convenit
317 1971 371 2036 illa
388 1972 480 2049 mihi,
499 1973 645 2038 convenit
662 1974 716 2037 illa
734 1973 810 2037 tibi?

110 2080 166 2123 cur
183 2069 290 2122 tamen
307 2058 458 2123 Actiacas
475 2058 623 2123 miseram
641 2081 691 2124 me
709 2059 807 2123 mittis
824 2059 865 2123 ad
883 2081 965 2136 oras,

152 2166 225 2208 cum
243 2143 414 2228 profugum
431 2143 533 2229 possis
550 2145 618 2228 ipse
636 2144 753 2209 referre
770 2144 902 2228 pedem?

110 2241 144 2294 tu
162 2229 239 2293 mihi
256 2227 421 2293 Leucadia
438 2241 528 2313 potes
546 2253 615 2294 esse
634 2230 789 2294 salubrior
806 2230 901 2294 unda.

151 2328 184 2380 st
200 2314 303 2379 forma
321 2327 353 2379 et
370 2315 489 2378 mentis
507 2325 541 2379 tu
559 2315 638 2379 mihi
654 2314 805 2380 Phoebus
824 2316 895 2380 eris.

109 2425 150 2466 an
167 2410 271 2486 potes,
290 2422 308 2464 o
328 2400 463 2485 scopulis
481 2401 629 2484 undaque
647 2400 781 2465 ferocior
798 2400 893 2478 omni,

151 2487 178 2550 si
194 2485 320 2562 moriar,
338 2486 464 2549 titulum
481 2487 590 2551 mortis
608 2486 725 2551 habere
742 2487 853 2551 meae?

109 2583 143 2637 at
160 2583 278 2655 quanto
295 2571 409 2635 melius
427 2584 532 2635 tecum
550 2596 621 2637 mea
638 2584 767 2658 pectora
783 2570 883 2673 iungi,

152 2678 248 2741 quam
266 2657 350 2721 saxis
368 2669 514 2741 poterant
531 2657 767 2742 praecipitanda
785 2657 867 2721 dan!

110 2744 189 2810 haee
205 2753 281 2807 sunt
296 2743 364 2819 illa,
382 2743 510 2819 Phaon,
528 2765 610 2827 quae
628 2757 662 2809 tu
680 2743 809 2807 laudare
828 2743 961 2819 solebas,

151 2829 282 2912 visaque
299 2840 373 2893 sunt
391 2828 504 2894 totiens
521 2829 686 2914 ingeniosa
703 2828 770 2891 tibi.

108 2936 195 2982 nunc
212 2914 326 2979 vellem
343 2914 482 2979 facunda
499 2914 609 2979 forem.
655 2914 744 2979 dolor
761 2914 881 2978 artibus
899 2912 1012 2991 obstat,

151 2999 377 3085 ingeniumque
395 3001 473 3065 meis
491 3000 630 3065 substitit
648 3022 740 3065 omne
758 3001 859 3065 malis.

111 3109 175 3151 non
192 3084 269 3149 mihi
286 3107 336 3149 res
360 3086 477 3150 ondent
495 3097 617 3151 veteres
635 3087 667 3150 in
685 3086 824 3150 carmina
842 3084 940 3150 vires:

154 3171 273 3257 plectra
290 3108 397 3236 doldre
416 3183 534 3249 tacent,
552 3184 641 3236 muta
659 3173 766 3237 dolore
784 3173 853 3257 lyra
871 3186 928 3236 est.

111 3255 268 3322 Lesbides
286 3278 471 3340 aequoreae,
490 3269 691 3342 nupturaque
709 3269 872 3343 nuptaque
889 3258 1004 3344 proles,

154 3341 325 3419 Lesbides,
343 3343 459 3407 Aeolia
475 3343 604 3407 nomina
621 3344 706 3407 dicta
723 3344 801 3429 lyra,

112 3427 284 3504 Lesbides,
302 3427 454 3493 infamem
471 3449 554 3512 quae
571 3451 622 3493 me
640 3428 759 3493 fecistis
778 3439 912 3505 amatae,

155 3513 287 3579 desinite
306 3513 347 3576 ad
365 3512 499 3578 citharas
517 3513 611 3578 turba
628 3515 733 3579 venire
752 3537 849 3579 meas.

112 3600 243 3665 abstulit
264 3620 357 3663 omne
375 3599 504 3676 Phaon,
521 3599 607 3683 quod
624 3599 714 3664 vobis
733 3612 805 3665 ante
822 3599 968 3685 placebat
985 3634 1027 3645 —

156 3708 207 3750 me
224 3685 386 3762 miseram,
405 3684 470 3748 dixi
489 3706 585 3768 quam
602 3686 697 3749 modo
715 3708 815 3771 paene
834 3684 967 3750 ‘meus'l

113 3771 244 3848 efficite,
262 3784 298 3836 ut
315 3771 437 3835 redeat:
456 3782 543 3835 vates
560 3792 687 3855 quoque
706 3784 810 3836 vestra
826 3770 950 3836 redibit.

154 3857 283 3958 ingenio
300 3856 383 3921 vires
400 3857 453 3921 ille
471 3857 539 3933 dat,
557 3857 610 3921 ille
627 3858 719 3942 rapit.

114 3944 228 4027 ecquid
246 3965 307 4028 ago
325 3942 485 4027 precibus,
504 3953 676 4028 pectusque
695 3952 818 4028 agreste
835 3953 990 4018 movetur,

157 4052 198 4093 an
216 4030 313 4115 riget,
331 4041 363 4093 et
380 4029 512 4115 zephyri
529 4028 627 4093 verba
644 4029 765 4094 caduca
782 4028 907 4093 ferunt?

114 4114 171 4203 qui
189 4138 260 4181 mea
277 4114 376 4180 verba
393 4115 512 4193 ferunt,
532 4115 647 4183 vellem
663 4128 724 4184 tua
738 4114 816 4185 uela
829 4115 1013 4181 reierrenta
