2604 4974
237 726 278 806 76
555 748 589 812 r.
608 753 898 814 0110111001110
981 796 984 800 «

278 886 310 944 01
327 879 448 944 salvam
466 880 555 945 salva
571 892 603 946 te
621 880 708 965 eupit
725 902 795 945 esse
811 879 884 946 fide.

233 964 309 1029 inde
326 965 376 1040 fit,
394 976 443 1041 ut,
462 966 608 1049 quotiens
626 966 760 1030 existere
778 965 900 1050 perfida
916 977 1062 1052 temptas,

277 1062 442 1135 peceatum
460 1052 574 1116 totiens
592 1053 729 1136 corrigat
747 1051 802 1115 illa
819 1064 919 1115 tuum.

169 1154 216 1203 115
234 1158 329 1222 paroe
347 1158 474 1202 movere
491 1137 575 1202 feros
593 1138 754 1202 animosae
771 1136 902 1222 virginis
920 1159 1027 1202 araus:

276 1221 360 1286 mitis
379 1222 483 1288 adhue
501 1223 583 1300 fieri,
602 1223 629 1287 si
646 1223 781 1308 patiare,
799 1233 912 1308 potest.

235 1330 344 1392 parce,
361 1330 488 1392 precor,
507 1320 631 1374 teneros
651 1330 852 1393 corrumpere
869 1307 1013 1373 febribus
1030 1320 1135 1375 artus:

278 1404 420 1458 servetur
436 1394 535 1459 faoies
551 1395 612 1458 ista
629 1394 766 1459 fruenda
782 1392 870 1458 mihi.

235 1491 400 1544 serventur
416 1481 520 1545 vultus
538 1479 579 1544 ad
596 1491 704 1544 nostra
720 1479 867 1544 incendia
883 1480 960 1556 nati,

166 1582 216 1632 120
276 1564 396 1649 quique
414 1567 521 1630 subest
539 1567 631 1630 niveo
649 1565 728 1630 lenis
745 1566 779 1628 in
797 1586 851 1629 ore
868 1565 974 1629 rubor.

232 1649 391 1728 hostibus,
409 1662 440 1716 et
457 1651 571 1735 siquis,
590 1674 631 1717 ne
648 1652 706 1716 fias
722 1661 846 1728 nostra,
863 1662 1030 1736 repugnat,

276 1735 322 1800 010
340 1735 393 1813 011,
411 1748 448 1801 111
463 1735 603 1802 invalida
621 1749 652 1803 te
670 1737 750 1802 solet
767 1758 836 1801 esse
853 1736 940 1800 milri.

233 1831 383 1906 torqueor
400 1845 439 1887 ex
458 1845 561 1907 aequo
579 1825 630 1888 vel
648 1835 679 1890 te
696 1823 835 1886 nubente
853 1822 903 1886 vel
921 1844 1028 1907 aegra,

276 1907 380 1973 dieere
397 1931 456 1974 neo
473 1930 618 1995 possum,
636 1909 713 1992 quid
730 1907 834 1972 minus
851 1907 920 1993 ipse
937 1908 1042 1973 velim.

166 1995 563 2069 115100001011111011111111,
582 1995 668 2078 quod
686 1994 745 2058 sim
763 1993 821 2058 tibi
839 2014 936 2058 eausa
953 1993 1090 2072 dolendi,

273 2090 368 2164 teque
384 2104 456 2146 mea
472 2081 554 2146 laedi
573 2081 744 2146 ealliditate
761 2089 848 2165 puto.

230 2163 326 2249 inque
345 2178 441 2252 eaput
457 2177 601 2231 nostrum
619 2166 765 2230 dominae
782 2164 934 2250 periuria,
952 2186 1080 2248 quaero,

273 2252 433 2316 eveniant:
452 2274 555 2336 poena
572 2263 642 2317 tuta
659 2251 700 2316 sit
716 2252 771 2315 illa
787 2273 869 2315 mea.

230 2358 270 2400 ne
287 2347 394 2402 tamen
410 2338 568 2423 ignorem,
587 2337 664 2421 quid
682 2358 775 2422 agas,
794 2337 834 2400 ad
851 2335 961 2400 limina
978 2337 1089 2402 erebro

164 2439 213 2488 130
273 2422 386 2487 anxius
403 2423 466 2487 hue
483 2424 558 2487 illue
576 2423 810 2488 dissimulanter
827 2444 880 2487 eo:

230 2509 407 2592 subsequor
424 2509 570 2574 ancillam
588 2509 697 2573 furtim
715 2508 950 2589 famulumque,
969 2507 1143 2591 requirens,

272 2594 448 2680 profuerint
464 2595 567 2659 somni
584 2595 661 2679 quid
679 2594 738 2658 tibi
755 2594 872 2678 quidve
889 2592 962 2657 cibi.

229 2702 280 2744 me
297 2681 462 2756 miserum,
480 2682 566 2764 quod
583 2702 647 2745 non
665 2680 860 2746 medicorum
872 2678 963 2745 iussa
979 2677 1123 2747 ministro

271 2765 453 2851 effingoque
471 2789 584 2831 manus
600 2767 784 2851 insideoque
801 2766 885 2830 torol

162 2868 210 2917 135
229 2863 260 2916 et
277 2875 387 2916 rursus
403 2851 568 2929 miserum,
585 2853 672 2936 quod
689 2875 740 2916 me
758 2853 870 2938 procul
886 2851 961 2916 inde
977 2864 1100 2917 remoto

270 2958 366 3021 quem
384 2938 512 3003 minime
522 2939 647 3014 vellem,
658 2938 790 3002 forsitan
808 2938 887 3002 alter
904 2937 1007 3002 adest!

227 3022 280 3087 ille
297 3045 410 3087 manus
427 3023 504 3087 istas
522 3025 646 3109 effingit
663 3034 695 3088 et
712 3023 835 3088 adsidet
852 3044 976 3108 aegrae,

269 3108 389 3173 invisus
407 3108 529 3194 superis
547 3132 619 3173 eum
638 3109 823 3194 superisque
840 3108 926 3172 mihi.

227 3194 366 3278 dumque
384 3217 442 3260 suo
459 3206 594 3281 temptat
611 3196 775 3260 salientem
793 3194 906 3280 polliae
923 3215 1047 3270 venam,

161 3297 210 3346 140
271 3280 406 3345 eandida
423 3303 480 3366 per
497 3303 626 3345 eausam
643 3280 792 3345 bracchia
810 3302 904 3364 saepe
922 3289 1009 3345 101101

228 3376 464 3450 eontractatque
483 3367 569 3432 sinus
587 3376 619 3433 et
636 3366 768 3430 forsitan
786 3367 895 3430 oscula
911 3363 1030 3450 iungit:

270 3450 375 3516 officio
393 3475 513 3517 meroes
530 3451 652 3538 plenior
669 3451 729 3515 ista
747 3472 804 3515 suo
823 3461 880 3515 est.

227 3537 298 3621 quis
316 3536 374 3601 tibi
390 3538 532 3623 permisit
549 3548 671 3601 nostras
688 3558 893 3621 praecerpere
910 3535 1048 3600 messes?

269 3623 310 3687 ad
328 3646 400 3709 spes
418 3623 546 3688 alterius
564 3624 635 3708 quis
653 3622 711 3686 tibi
729 3622 804 3686 fecit
820 3623 899 3685 iter?

160 3727 208 3774 115
225 3709 285 3773 1010
303 3709 390 3773 0111110
407 3732 497 3775 meus
516 3720 578 3787 est,
596 3731 668 3773 mea
684 3707 818 3793 turpiter
834 3707 943 3773 oscula
960 3706 1072 3771 sumis:

269 3817 288 3858 a
305 3793 383 3859 mihi
400 3795 555 3880 promisso
573 3815 703 3880 eorpore
721 3793 795 3858 tolle
812 3791 939 3858 manusl

225 3880 383 3966 improbe,
400 3881 474 3945 tolle
491 3880 618 3944 manusl
646 3901 741 3963 quam
759 3878 879 3963 tangis,
895 3888 1003 3942 nostra
1020 3877 1129 3944 futura
1144 3889 1201 3947 est.

268 3965 434 4050 postmodo
452 3966 480 4030 si
496 3965 594 4030 facies
611 3965 710 4042 istud,
729 3964 940 4029 adultereris.

226 4050 308 4136 elige
326 4051 366 4115 de
383 4051 506 4127 vacuis,
524 4071 620 4133 quam
637 4073 701 4115 non
719 4050 779 4114 sibi
797 4050 935 4115 vindicet
952 4049 1045 4114 alter:

158 4155 208 4205 100
268 4136 295 4200 si
312 4136 429 4200 neseis:
449 4136 611 4200 dominum
628 4158 679 4201 100
696 4136 793 4200 habet
810 4135 871 4199 ista
888 4157 991 4199 suum.

37 4220 40 4225 ’
224 4243 284 4287 nee
301 4220 378 4285 mihi
396 4221 580 4286 credideris:
598 4222 747 4287 1001101111
763 4221 900 4284 formula
915 4220 1015 4306 pacti:

266 4328 331 4371 neu
347 4306 462 4372 falsam
479 4307 565 4371 dieas
584 4329 667 4385 esse,
684 4307 737 4371 fao
757 4307 768 4371 i
792 4329 828 4370 sa
844 4307 939 4407 legat.

225 4391 352 4457 alterius
369 4392 508 4457 thalamo
525 4393 643 4457 —tibi
660 4414 733 4469 nos,
751 4328 808 4456 tibi
826 4391 960 4457 diormus
977 4426 1021 4440 —
1037 4391 1102 4458 exil

85 4524 96 4551 ,-
267 4477 345 4561 quid
361 4477 441 4544 faeis
458 4478 530 4544 hio?
556 4477 621 4544 exil
649 4499 713 4543 non
730 4487 823 4542 vacat
839 4477 899 4543 iste
917 4488 1013 4559 torus.

81 4558 134 4639 lla
154 4580 208 4641 100
223 4584 301 4633 nam
315 4563 404 4655 quod
419 4563 518 4637 habes
535 4575 569 4636 a
584 4574 621 4633 tu
636 4562 756 4658 gemini
773 4563 871 4635 verba
888 4562 988 4633 altera
1003 4564 1099 4656 pasti,
