2604 4974
233 748 277 816 44
574 766 607 822 Ρ.
626 766 735 824 ovuu
753 766 915 828 nasonis

176 947 179 952 .
276 890 357 955 adde
374 890 470 955 fidem
488 889 579 954 dictis
597 890 812 973 auxiliumque
829 892 921 955 refer.

169 995 216 1044 195
235 998 300 1040 non
318 998 379 1062 ego
397 975 428 1040 te
444 976 578 1060 imploro
597 986 706 1040 contra
723 987 894 1059 taurosque
912 977 1073 1063 virosque,

276 1072 376 1144 utque
393 1072 448 1125 tua
466 1084 594 1146 serpens
612 1062 696 1126 victa
713 1060 855 1144 quiescat
872 1083 948 1147 ope:

233 1156 264 1210 te
282 1159 369 1231 pete,
388 1168 483 1229 quem
501 1147 617 1222 merui,
636 1167 730 1229 quem
748 1146 840 1211 nobis
857 1147 925 1232 ipse
943 1148 1067 1226 dedisti,

276 1253 347 1294 cum
366 1253 429 1314 quo
448 1255 518 1295 sum
536 1232 654 1317 pariter
670 1230 756 1295 facta
773 1244 903 1316 parente
921 1256 1046 1317 parens.

234 1317 290 1380 dos
309 1317 436 1392 ubisit,
454 1317 600 1400 quaeris?
618 1338 729 1401 campo
746 1318 981 1383 numeravimus
998 1320 1062 1395 illo,

165 1421 215 1469 200
276 1402 330 1485 qui
348 1402 406 1465 tibi
422 1403 525 1465 laturo
543 1403 643 1466 vellus
662 1402 799 1466 arandus
818 1415 895 1467 erat.

233 1509 348 1551 aureus
364 1487 417 1551 ille
435 1487 516 1551 aries
535 1488 609 1551 villo
627 1486 808 1571 spectabilis
826 1510 932 1563 aureo,

275 1573 331 1636 dos
349 1595 429 1636 mea.
475 1573 600 1654 ‘quam'
619 1573 722 1637 dicam
740 1573 767 1635 si
785 1572 842 1636 tibi
860 1574 971 1638 ‘redde
978 1574 996 1651 ’,
1014 1597 1121 1660 neges.

232 1659 289 1721 dos
306 1668 429 1721 meatu
447 1679 565 1742 sospes.
610 1658 666 1721 dos
684 1669 733 1722 est
749 1680 820 1722 mea
839 1656 939 1722 Graia
955 1658 1113 1725 iuventus.

273 1743 285 1806 i
302 1765 401 1818 nunc,
420 1740 600 1827 Sisyphias,
619 1742 776 1826 improbe,
795 1743 903 1807 confer
921 1744 1007 1828 opes.

164 1847 213 1894 205
232 1828 317 1911 quod
336 1828 430 1904 vivis,
449 1829 535 1910 quod
551 1828 650 1893 habes
668 1839 801 1912 nuptam
818 1850 1024 1912 socerumque
1042 1831 1189 1917 potentis,

273 1913 334 1976 hoc
351 1914 471 1998 ipsum,
488 1914 631 1998 ingratus
650 1914 735 1996 quod
752 1923 842 1998 potes
861 1936 945 1990 esse,
964 1938 1070 1980 meum
1088 1927 1146 1981 est.

231 2020 310 2082 quos
329 1999 475 2081 equidem
493 2010 636 2063 actutum
653 2035 696 2044 —-
714 1999 770 2062 sed
788 1998 864 2081 quid
881 2001 1062 2083 praedicere
1080 2023 1214 2087 poenam

274 2084 403 2148 attinet?
424 2084 562 2169 ingentis
579 2084 713 2170 parturit
730 2084 778 2146 ira
794 2084 905 2147 minas.

231 2191 294 2252 quo
311 2169 391 2234 feret
408 2170 468 2245 ira,
487 2191 611 2252 sequar.
654 2168 732 2232 facti
749 2168 882 2233 fortasse
899 2169 1036 2255 pigebit:

164 2272 213 2320 210
274 2267 305 2318 et
323 2255 410 2338 piget
427 2255 524 2318 infido
543 2254 737 2318 consuluisse
755 2254 832 2317 viro.

231 2340 344 2403 viderit
360 2341 421 2404 ista
439 2340 531 2414 deus,
551 2339 605 2422 qui
622 2361 707 2402 nunc
724 2361 796 2403 mea
813 2350 940 2422 pectora
957 2352 1071 2404 versat.

272 2425 378 2490 nescio
396 2425 473 2508 quid
491 2439 575 2489 certe
592 2446 681 2488 mens
699 2446 771 2487 mea
788 2424 889 2488 maius
908 2425 984 2508 agit.

690 2576 789 2641 XIII.

229 2679 331 2745 Mittit
349 2691 379 2744 et
393 2692 481 2765 optat
498 2702 617 2756 amans,
636 2701 699 2763 quo
716 2680 859 2756 mittitur,
877 2679 923 2744 ire
942 2681 1074 2744 salutern
1100 2699 1247 2752 Laodamia

272 2765 446 2830 Haemonis
464 2766 643 2830 Haemonio
661 2765 838 2829 Laodamia
854 2766 932 2829 viro.
1091 2767 1245 2821 Protesilao.

229 2851 349 2915 Aulide
366 2864 396 2916 te
413 2851 500 2914 fama
517 2863 565 2915 est
582 2861 677 2915 vento
695 2851 848 2915 retinente
866 2851 995 2915 morari:

272 2935 305 3000 al
333 2959 383 3000 me
402 2959 474 3001 cum
491 2937 634 3021 fugeres,
653 2936 704 3000 hic
723 2937 777 2999 ubi
794 2947 905 3000 ventus
924 2937 1009 3000 erat?

78 3055 82 3061 ·
196 3040 210 3086 5
229 3031 297 3084 tum
315 3021 396 3087 freta
413 3022 588 3086 debuerant
605 3022 716 3085 vestris
735 3022 886 3086 obsistere
904 3022 1008 3098 remis,

270 3108 350 3171 illud
367 3119 434 3171 erat
452 3107 553 3171 saevis
571 3107 647 3170 utile
665 3119 789 3191 tempus
807 3108 907 3190 aquis.

229 3192 337 3256 oscula
353 3193 446 3277 plura
463 3192 530 3256 viro
548 3193 760 3275 mandataque
777 3193 869 3277 plura
887 3191 1058 3258 dedissem:

271 3291 302 3342 et
320 3289 393 3343 sunt
410 3299 492 3360 quae
510 3279 597 3342 volui
615 3279 718 3342 dicere
735 3279 835 3341 multa
852 3277 918 3341 tibi.

229 3374 338 3448 raptus
357 3387 390 3428 es
409 3363 482 3427 hinc
500 3386 666 3449 praeceps,
686 3373 717 3428 et
734 3362 790 3446 qui
806 3374 862 3426 tua
878 3362 950 3426 vela
968 3374 1104 3439 vocaret,

180 3468 211 3514 10
271 3469 367 3531 quem
386 3460 538 3534 cuperent
554 3462 685 3525 nautae,
703 3470 768 3512 non
786 3470 857 3533 ego,
875 3460 988 3512 ventus
1006 3461 1084 3513 erat.

228 3545 341 3598 ventus
359 3546 426 3598 erat
442 3535 547 3598 nautis
565 3546 672 3619 aptus,
691 3555 755 3596 non
772 3544 864 3617 aptus
883 3534 1015 3597 amanti:

271 3619 375 3683 solvor
392 3620 433 3683 ab
451 3620 612 3703 amplexu,
629 3618 818 3694 Protesilae,
837 3630 901 3693 tue,

227 3705 400 3789 linguaque
417 3705 595 3768 mandantis
613 3703 711 3767 verba
727 3704 914 3787 imperfecta
930 3703 1070 3788 reliquit:

270 3790 324 3853 vix
341 3790 419 3853 illud
437 3790 525 3875 potui
543 3788 647 3853 dicere
664 3788 752 3852 triste
770 3789 875 3852 ‘vale’

179 3895 209 3940 15
227 3875 371 3939 incubuit
387 3876 499 3939 boreas
517 3875 711 3958 abreptaque
728 3874 799 3938 vela
816 3873 958 3950 tetendit,

270 3961 396 4043 iamque
413 3982 503 4024 meus
520 3961 614 4044 longe
631 3959 825 4023 Protesilaus
844 3972 920 4023 erat.

228 4046 304 4108 dum
323 4045 412 4131 potui
429 4057 570 4130 spectare
588 4044 706 4120 virum,
725 4058 867 4128 spectare
883 4044 1022 4118 iuvabat,

270 4152 403 4213 sumque
422 4143 493 4195 tuos
511 4131 619 4194 oculos
637 4152 738 4213 usque
756 4140 865 4194 secuta
882 4129 969 4194 meis.

228 4228 262 4280 ut
280 4227 311 4280 te
328 4238 393 4279 non
409 4225 566 4300 poteram,
584 4225 726 4299 poteram
744 4227 799 4279 tua
816 4217 888 4279 vela
905 4215 1022 4292 videre,

178 4321 210 4369 20
269 4301 340 4365 vela
357 4301 412 4364 diu
428 4302 532 4364 vultus
551 4300 713 4364 detinuere
731 4322 828 4365 meos.

229 4396 261 4450 at
277 4397 445 4471 postquam
463 4408 522 4450 nec
539 4397 585 4463 te,
603 4407 662 4450 nec
680 4386 751 4449 vela
768 4383 896 4470 fugacia
914 4385 994 4461 vidi,

270 4483 302 4535 et
318 4471 404 4555 quod
422 4483 610 4556 spectarem,
628 4471 672 4535 nil
688 4470 749 4534 nisi
767 4480 883 4555 pontus
901 4483 977 4547 erat,

226 4556 283 4625 lux
299 4575 426 4645 quoque
440 4568 548 4627 tecum
566 4556 656 4636 abiit,
674 4556 874 4645 tenebrisque
892 4555 1045 4643 exanguis
1062 4557 1180 4626 obortis

1160 4720 1168 4784 i

1057 4880 1063 4893 -
1162 4788 1190 4917 l
