2604 4974
211 735 253 800 48
550 749 583 805 Ρ.
602 748 711 807 OVIDI
728 747 892 806 NASONIS

247 882 299 949 et,
318 883 480 956 tamquam
498 873 598 957 possit
615 874 713 937 verba
730 872 863 948 referre,
882 893 1005 955 queror.

209 981 266 1044 per
283 958 403 1024 reditus
421 979 599 1045 corpusque
616 969 723 1035 tuum,
742 981 813 1024 mea
829 959 975 1036 numina,
993 959 1073 1036 iuro,

250 1065 370 1129 perque
388 1067 480 1128 pares
498 1043 596 1108 animi
614 1045 816 1129 coniugiique
833 1044 929 1119 faces,

207 1149 342 1214 perque,
360 1130 447 1212 quod
464 1140 500 1192 nt
517 1129 643 1194 videam
661 1130 748 1194 oanis
766 1129 872 1194 albere
890 1128 1021 1214 capillis,

143 1236 191 1285 160
251 1235 326 1278 mox
343 1224 447 1279 tutum
464 1215 567 1300 possis
583 1214 652 1300 ipse
670 1214 803 1291 referre,
823 1224 928 1299 caput,

209 1322 259 1365 mc
277 1299 335 1364 tibi
353 1312 519 1365 venturam
538 1300 699 1377 comitem,
718 1321 919 1384 quocumque
937 1303 1070 1379 vocaris,

251 1385 317 1451 sive
334 1421 377 1432 -
394 1387 480 1470 quod
496 1385 590 1472 (heu)
607 1385 717 1463 timeo,
736 1386 802 1451 sive
821 1396 980 1471 superstes
998 1387 1070 1451 eris.

208 1471 320 1536 ultima
337 1472 486 1535 mandato
504 1472 670 1536 claudetur
687 1471 823 1557 epistula
840 1494 955 1556 parvo:

250 1557 291 1621 sit
308 1556 365 1620 tibi
383 1579 460 1621 cura
477 1557 553 1634 mei,
571 1556 613 1622 sit
630 1557 688 1622 tibi
706 1579 782 1622 cura
799 1556 860 1621 tuil

672 1707 769 1775 XIV.

206 1810 308 1875 Mittit
317 1812 547 1898 Hypermestra
561 1813 601 1878 de
615 1822 661 1878 tot
669 1813 764 1877 modo
774 1811 925 1878 fratribus
939 1814 1008 1878 uni:
1048 1831 1232 1898 Hypermestra

249 1908 354 1962 cetera
370 1910 540 1985 nuptarum
558 1898 687 1963 crimine
704 1898 799 1963 turba
815 1900 907 1963 iacet.
1083 1899 1196 1967 [dom-

208 1982 315 2047 clausa
333 1983 428 2047 domo
445 1995 555 2048 teneor
571 1983 788 2070 gravibusque
805 1984 942 2049 coercita
959 1984 1086 2050 vinclis:

250 2064 298 2132 esl
315 2069 393 2132 mihi
410 2068 556 2154 supplicii
575 2092 686 2146 causa,
704 2069 803 2134 fuisse
820 2072 917 2155 piam.

173 2176 189 2224 s
207 2154 294 2237 quod
311 2177 424 2220 manus
442 2154 588 2219 extimuit
604 2154 714 2240 iugulo
733 2154 898 2220 demittere
916 2154 1045 2233 sermm,

250 2262 320 2304 sum
339 2263 407 2317 rea3
425 2239 582 2317 laudarer,
602 2240 629 2304 si
647 2240 749 2305 scelus
768 2263 846 2304 ausa
863 2239 975 2305 forem,

207 2347 275 2390 esse
293 2348 379 2390 ream
398 2336 553 2412 praestat,
572 2348 669 2409 quam
687 2325 732 2390 sic
749 2325 907 2410 placuisse
925 2327 1058 2412 parenti.

248 2433 313 2475 nou
329 2414 419 2497 piget
434 2411 581 2476 inmunes
600 2411 705 2475 caedis
722 2411 841 2476 habere
859 2434 982 2475 manus.

205 2519 257 2561 me
274 2507 364 2582 pater
380 2498 455 2584 igne
472 2497 559 2574 licet,
578 2519 673 2580 quem
690 2519 755 2561 non
773 2497 976 2573 violavimus,
994 2508 1078 2572 urat,

158 2604 189 2651 10
250 2603 395 2666 quaeque
413 2582 545 2647 aderaut
563 2583 675 2659 sacris,
694 2583 804 2647 tendat
820 2583 853 2647 in
872 2604 927 2646 ora
944 2581 1042 2658 faces,

207 2679 263 2731 aut
279 2668 334 2732 illo
352 2668 489 2753 iugulat,
508 2690 603 2751 quem
621 2689 686 2731 non
704 2669 786 2734 bene
804 2668 934 2732 tradidit
950 2691 1069 2745 ensem,

248 2763 284 2817 ut
302 2774 366 2837 qua
382 2774 447 2818 non
465 2753 580 2818 cecidit
597 2754 645 2818 vir
662 2776 754 2830 nece,
772 2764 873 2839 nupta
891 2753 1017 2818 cadam:

205 2861 270 2903 non
287 2850 408 2917 tamen,
426 2850 462 2904 ut
480 2840 588 2904 dicant
604 2840 771 2904 morientia
788 2839 957 2926 ‘paenitet’
976 2860 1041 2915 ora,

248 2925 374 2990 efficiet.
418 2936 562 3003 nonest,
580 2946 676 3009 quam
694 2925 783 3011 piget
800 2947 869 2990 esse
887 2924 983 3011 piam.

156 3030 187 3077 15
205 3010 364 3095 paeniteat
382 3011 508 3076 sceleris
525 3011 677 3076 Danaum
695 3031 869 3094 saevasque
887 3032 1009 3076 sorores
1015 3035 1025 3087 ;

248 3095 299 3160 hio
317 3096 396 3161 solet
414 3108 546 3162 eventus
562 3097 649 3162 facta
666 3098 805 3162 nefanda
823 3097 922 3181 sequi.

206 3203 260 3246 cor
277 3194 372 3267 pavet
389 3183 553 3247 admonitu
570 3194 742 3248 temeratae
759 3182 915 3268 sanguine
933 3180 1044 3259 noctis,

247 3279 279 3332 et
297 3268 419 3332 subitus
438 3269 567 3333 dextrae
585 3268 751 3354 praepedit
768 3290 841 3333 orsa
858 3279 985 3332 tremor.

205 3375 302 3436 quam
320 3364 355 3417 tu
374 3355 470 3419 caede
488 3366 581 3440 putes
598 3354 691 3454 fungi
708 3354 850 3440 potuisse
867 3352 982 3431 mariti,

154 3458 188 3507 to
249 3439 386 3504 scribere
405 3440 445 3504 de
463 3439 549 3504 facta
565 3462 629 3504 non
647 3439 708 3503 sibi
726 3440 823 3504 caede
841 3439 941 3503 timet

205 3524 261 3588 sed
279 3536 385 3590 tamen
403 3526 556 3611 experiar.
600 3525 695 3590 modo
712 3525 800 3590 facta
816 3525 1003 3611 crepuscula
1019 3523 1124 3600 terris,

247 3610 358 3674 ultima
397 3633 448 3675 ars
465 3611 546 3675 lucis
562 3611 728 3696 primaque
745 3609 847 3674 noctis
864 3621 946 3675 erat:

205 3695 352 3760 ducimur
367 3633 537 3761 fnmhides
554 3696 663 3779 magni
681 3696 741 3759 sub
758 3707 842 3761 tecta
858 3694 999 3782 Pelasgi

248 3792 280 3845 et
296 3802 386 3846 socer
402 3793 539 3846 armatas
557 3781 670 3866 accipit
687 3781 756 3867 ipse
772 3803 882 3845 nurus.

155 3886 186 3935 25
204 3866 346 3951 undiquc
364 3868 531 3932 conlucent
547 3867 747 3953 praecinctae
764 3866 927 3951 lampades
945 3888 1037 3931 auro:

247 3953 362 4016 dautur
379 3952 412 4017 in
429 3953 544 4017 invitos
562 3952 660 4039 impia
677 3964 749 4017 tura
765 3952 868 4017 focos:

204 4039 319 4123 vulgus
337 4039 492 4122 ‘Hymen
510 4039 710 4124 Hymenaee’
729 4048 854 4103 vocant.
898 4037 983 4122 sugit
1000 4036 1053 4101 ille
1068 4036 1225 4102 vocantis:

245 4123 316 4208 ipsa
336 4123 423 4189 Iovis
441 4126 580 4189 coniunx
597 4124 690 4189 cessit
707 4124 748 4188 ab
766 4123 845 4188 urbe
863 4147 932 4188 sua.

204 4229 278 4274 ecce
294 4231 382 4274 mero
401 4210 503 4287 dubii,
520 4210 672 4275 comitum
690 4210 829 4275 clamore
845 4208 1039 4292 frequentes,

153 4315 186 4366 ιο
246 4294 323 4360 floro
339 4317 424 4361 novo
441 4296 584 4361 madidas
601 4295 793 4380 impediente
810 4315 929 4370 comas,

203 4380 237 4444 in
254 4380 411 4447 thalamos
427 4383 502 4447 laeti
518 4418 563 4429 —
578 4381 751 4457 thalamos,
768 4402 828 4444 sua
843 4379 953 4444 bustal
970 4416 1013 4425 —
1030 4378 1187 4455 feruntur,

246 4476 408 4551 strataque
426 4467 627 4554 corporibus,
643 4466 757 4531 funus
774 4465 886 4551 digna,
903 4478 1064 4553 premunt.

202 4549 330 4639 iamque
347 4552 419 4619 cibo
435 4554 574 4637 vinoque
591 4575 706 4638 graves
723 4572 898 4636 somnoque
914 4551 1071 4628 iacebant,
