2604 4974
428 289 634 349 HEROIDUM
650 293 687 346 Η.
705 284 798 348 4-91.

148 412 225 489 heu,
242 414 346 501 patior
363 414 433 479 telis
451 414 584 479 vulnera
600 415 685 481 facta
701 415 795 480 meis!

103 500 296 567 credidimus
313 500 455 578 blandis,
473 522 609 584 quorum
627 501 684 565 tibi
703 503 809 586 copia,
828 501 949 566 verbis:

149 586 339 651 credidimus
357 587 466 672 generi
483 587 731 672 numinibusque
748 587 826 651 tuis:
1146 600 1178 648 50

104 672 296 737 credidimus
314 672 462 736 lacrimis.
506 695 546 735 an
564 683 596 736 et
613 672 673 738 hae
691 673 840 737 simulare
858 673 1029 737 docentur?

149 758 208 822 hae
226 779 354 840 quoque
372 757 491 822 habent
507 770 605 834 artes,
624 780 751 841 quaque
768 758 926 835 iubentur,
945 759 1038 822 eunt?

105 844 155 907 dis
173 864 302 927 quoquc
320 843 519 907 credidimus.
563 844 640 926 quid
658 845 722 907 iam
739 855 786 907 tot
803 844 937 929 pignora
953 843 1065 907 nobis?

148 939 238 1014 parte
257 929 333 992 satis
350 928 438 1014 potui
456 928 597 1011 qualibet
614 929 687 993 inde
706 929 787 1013 capi.

104 1037 166 1079 nec
183 1035 322 1090 moveor,
340 1015 426 1096 quod
444 1025 475 1078 te
493 1014 559 1078 iuvi
576 1024 732 1099 portuque
749 1014 903 1098 locoque?

150 1100 261 1164 debuit
277 1099 357 1163 haec
374 1099 478 1164 meriti
496 1121 619 1163 summa
636 1100 735 1164 fuisse
753 1099 830 1164 mail

104 1186 240 1271 turpiter
257 1185 428 1270 hospitium
446 1186 527 1248 lecto
546 1186 723 1251 cumulasse
740 1186 839 1270 iugali

147 1270 303 1357 paenitet,
322 1282 352 1335 et
369 1271 461 1334 lateri
479 1271 674 1334 conseruisse
691 1272 784 1335 latus.

104 1379 188 1441 quae
207 1356 268 1420 fuit
285 1368 359 1420 ante
376 1357 477 1433 illam,
496 1357 623 1420 mallem
641 1378 788 1440 suprema
805 1355 918 1422 fuisset

150 1464 214 1506 nox
232 1441 324 1517 mihi,
344 1442 419 1505 dum
438 1441 526 1526 potui
544 1441 668 1525 Phyllis
686 1443 819 1505 honesta
836 1441 929 1506 moril

105 1527 232 1613 speravi
249 1527 376 1603 melius,
395 1529 470 1609 quia
488 1539 519 1591 te
537 1527 689 1591 meruisse
707 1527 826 1611 putavi.

149 1634 370 1696 quaecumque
389 1614 536 1677 emerito
555 1636 628 1697 spes
647 1613 746 1688 venit,
765 1634 867 1695 aequa
885 1611 980 1677 venit.

105 1700 216 1763 fallere
234 1698 415 1763 credentem
432 1720 495 1761 non
514 1709 562 1762 est
580 1720 713 1783 operosa
730 1699 869 1782 puellam

148 1785 265 1870 gloria:
284 1784 466 1868 simplicitas
485 1785 582 1869 digna
600 1784 708 1848 favore
726 1785 796 1848 fuit.

107 1893 178 1934 sum
197 1871 332 1954 decepta
349 1869 411 1932 tuis
429 1881 460 1933 et
477 1891 587 1932 amans
606 1882 638 1934 et
655 1870 773 1933 femina
791 1868 904 1934 verbis.

150 1957 182 2019 di
200 1955 333 2032 faciant,
351 1953 454 2018 laudis
472 1977 597 2018 summa
614 1955 655 2019 sit
671 1955 732 2020 ista
749 1965 833 2020 tuae.

108 2041 189 2106 inter
207 2052 238 2105 et
256 2040 400 2125 Aegidas
418 2040 523 2104 media
540 2040 688 2105 statuaris
706 2041 739 2104 in
756 2040 849 2105 urbe:
938 2080 941 2087 ·

149 2127 338 2212 magnificus
356 2126 454 2188 titulis
472 2136 534 2190 stet
551 2137 641 2210 pater
658 2138 731 2190 ante
750 2125 829 2190 suis:

110 2234 181 2276 cum
199 2210 296 2275 fuerit
314 2210 427 2275 Sciron
444 2211 545 2275 lectus
564 2222 736 2294 torvusque
753 2211 939 2276 Procrustes

151 2310 182 2361 et
200 2295 287 2362 Sinis
305 2307 337 2361 et
354 2296 436 2359 tauri
453 2297 615 2380 mixtaque
633 2297 736 2361 forma
753 2297 813 2361 viri

111 2394 141 2447 et
158 2382 297 2446 domitae
315 2382 397 2446 bello
415 2381 547 2446 Thebae
564 2382 691 2466 fusique
709 2383 908 2447 Bimembres

152 2479 183 2532 et
200 2468 327 2552 pulsata
343 2465 427 2552 nigri
443 2468 532 2553 regia
550 2489 645 2532 caeca
663 2468 723 2542 dei,

112 2552 171 2618 hoc
189 2564 244 2617 tua
261 2563 333 2638 post
349 2553 419 2616 illos
437 2553 529 2616 titulo
548 2553 691 2638 signetur
708 2554 814 2640 imago

153 2639 221 2703 ‘hic
240 2648 301 2715 est,
320 2638 409 2702 cuius
427 2661 537 2702 amans
555 2637 680 2725 hospita
697 2650 790 2724 capta
808 2640 880 2704 dolo
898 2638 965 2702 est?

113 2724 150 2789 de
167 2734 257 2788 tanta
275 2746 381 2788 rerum
398 2724 492 2788 turba
508 2724 665 2807 factisque
682 2725 820 2810 parentis

152 2811 233 2874 sedit
251 2810 284 2872 in
302 2809 430 2894 ingenio
449 2806 566 2874 Cressa
582 2811 693 2874 relicta
710 2821 775 2875 tu0.

114 2897 195 2979 quod
213 2896 316 2959 solum
334 2906 479 2970 excusat,
499 2896 600 2959 solum
618 2895 741 2960 miraris
759 2896 793 2960 in
809 2896 877 2959 illo:

152 2981 301 3045 heredem
318 2981 454 3080 patriae,
472 2981 607 3065 perfide,
624 2981 745 3046 fraudis
764 2982 843 3067 agis.

113 3065 224 3131 illa-
240 3087 299 3130 nec
317 3065 443 3130 rnvideo
460 3102 503 3112 -
520 3066 635 3130 fruitur
653 3068 782 3132 mehorc
799 3066 912 3131 marito

61 3194 63 3201 ·
151 3152 249 3235 inque
268 3151 443 3235 capistratis
461 3151 595 3236 tigribus
613 3153 677 3216 alta
695 3154 792 3218 sedet.

116 3248 144 3301 at
159 3261 232 3302 mea
251 3236 392 3321 despecti
410 3237 538 3322 fugiunt
557 3238 693 3301 conubia
711 3239 862 3314 Thraces,

153 3323 239 3407 quod
256 3321 342 3386 ferar
359 3332 522 3387 externum
540 3322 761 3408 praeposuisse
778 3325 866 3388 meis.

115 3420 207 3492 atquc
225 3408 338 3490 aliquis
357 3408 434 3471 ‘iarn
452 3430 537 3471 nunc
554 3409 663 3473 doctas
681 3409 745 3473 eat’
764 3409 865 3493 inquit
884 3410 1052 3474 ‘Athonem

155 3493 345 3579 armigeram
362 3493 509 3557 Thracen
527 3493 582 3576 qui
599 3506 699 3579 regat,
718 3496 796 3559 alter
814 3493 894 3560 erit’

61 3592 68 3659 ἰΙ
115 3580 216 3644 exitus
233 3589 305 3642 acta
323 3578 456 3663 probat?
491 3590 597 3643 careat
615 3581 827 3656 successibus,
846 3592 930 3666 opto,

61 3680 71 3755 ὲ.
155 3664 297 3748 quisquis
316 3664 357 3727 ab
375 3675 491 3727 eventu
508 3663 594 3728 facta
611 3665 751 3728 notanda
768 3677 868 3750 putat.

61 3762 68 3837 j
115 3763 147 3814 at
164 3751 190 3814 si
207 3760 316 3813 nostra
333 3759 388 3813 tuo
406 3760 609 3834 spumescant
626 3771 764 3833 aequora
781 3773 878 3828 rem0‚

61 3856 64 3863 ·
155 3835 220 3899 iam
237 3834 330 3911 mihi,
346 3834 410 3898 iam
429 3835 516 3899 dicar
533 3836 726 3900 consuluisse
743 3837 832 3901 meis.

61 3946 64 3955 ’
115 3922 169 3986 sed
188 3941 293 4003 neque
310 3919 469 3996 consului,
487 3943 546 3985 nec
563 3932 595 3985 te
612 3944 684 3985 mea
701 3921 790 4005 regia
807 3933 916 4007 tanget

61 4004 74 4147 l
115 4005 878 4178 mittitutlltltttbltlttllttt·

851 4142 860 4174 5
