2604 4974
341 262 509 322 suorum
525 263 598 318 nm.
617 264 640 319 1.
658 263 681 335 1,
700 264 788 336 1-11‚
806 263 850 322 er.
1042 247 1082 316 81

100 411 187 465 uror,
206 399 238 454 et
254 387 287 453 in
305 409 406 453 vacuo
424 398 551 475 pectore
568 397 680 474 regnat
698 389 810 453 Amor.

56 498 116 541 sex
133 474 212 539 mihi
231 486 341 559 surgat
359 496 438 559 opus
456 474 609 548 numeris,
627 475 660 537 in
678 473 818 557 quinque
835 474 966 541 residat:

101 560 205 626 ferrea
223 583 295 624 cum
314 559 426 625 vestris
444 560 530 625 bella
547 560 650 624 valete
667 559 781 624 modis.

56 647 187 732 cingere
204 647 315 710 litorea
331 645 480 710 flaventia
497 656 641 730 tempora
658 658 772 730 myrto,

100 732 200 798 Musa
217 754 274 822 per
291 731 435 797 undenos
454 731 666 796 emodulanda
682 731 789 817 pedes.

548 886 593 950 H.

56 989 141 1054 Esse
159 987 236 1071 quid
254 987 315 1053 hoc
333 988 451 1065 dicam,
470 989 557 1072 quod
575 999 651 1084 tanp
657 987 735 1053 mihi
754 989 833 1053 dura
850 989 998 1055 videntur

101 1084 215 1151 strata,
232 1096 336 1160 neque
353 1075 387 1139 in
403 1074 486 1140 lecto
503 1072 724 1160 pallia'no'stra
742 1076 862 1153 sedent,

58 1172 91 1226 et
107 1182 228 1226 vacuus
246 1181 357 1226 somno
374 1171 515 1238 noctem,
534 1184 630 1246 quam
648 1162 759 1246 longa,
777 1161 896 1248 peregi,

101 1247 249 1331 lassaque
266 1247 383 1312 versati
401 1247 539 1332 corporis
558 1269 631 1312 ossa
648 1248 773 1312 dolent?

57 1355 148 1410 nam,
165 1344 258 1418 puto,
277 1332 441 1410 sentirem,
460 1333 551 1414 siquo
569 1344 741 1419 temptarer
758 1354 874 1398 amore.

101 1442 144 1483 an
161 1419 246 1483 subit
264 1428 296 1484 et
312 1429 396 1484 tecta
413 1419 545 1485 callidus
564 1430 630 1484 arte
649 1419 761 1484 nocet?

58 1505 103 1570 sic
121 1505 190 1570 erit.
234 1504 404 1570 haeserunt
421 1515 533 1570 tenues
550 1505 584 1569 in
602 1506 696 1570 corde
715 1505 858 1590 sagittae,

101 1602 134 1658 et
150 1613 297 1676 possessa
314 1591 400 1656 ferus
416 1602 546 1677 pectora
564 1601 669 1656 versat
684 1592 797 1655 Amor.

58 1677 220 1742 cedimus?
246 1699 287 1741 an
305 1677 445 1741 subitum
462 1678 611 1743 luctando
630 1676 832 1742 accendimus
850 1675 977 1762 ignem?

100 1764 265 1828 cedamus:
283 1763 354 1828 leve
371 1764 420 1839 fit,
439 1765 525 1848 quod
544 1764 624 1829 bene
642 1763 751 1838 fertur,
771 1784 860 1828 onus.

57 1849 123 1914 vidi
142 1871 203 1935 ego
220 1849 352 1915 iactatas
370 1863 456 1914 mota
472 1850 543 1915 face
562 1871 701 1915 crescere
719 1849 873 1926 flammas,

101 1946 133 2000 et
151 1935 216 1999 vidi
234 1935 322 2000 nullo
340 1935 539 2001 concutiente
557 1936 647 2000 mori.

57 2021 192 2086 verbera
208 2021 301 2106 plura
318 2020 438 2098 ferunt,
457 2043 552 2105 quam
571 2044 652 2106 quos
669 2021 758 2086 iuvat
776 2044 852 2086 usus
874 2020 979 2097 aratri,

100 2107 277 2172 detractant
295 2108 395 2192 pressi
413 2107 489 2172 dum
507 2108 584 2192 iuga
600 2107 704 2193 prima
722 2108 829 2183 boves.

57 2215 151 2279 asper
169 2214 269 2277 equus
287 2193 373 2258 duris
391 2193 596 2258 contunditur
613 2215 668 2258 ora
686 2194 816 2278 lupatis:

99 2279 192 2344 frena
207 2279 313 2343 minus
332 2279 441 2356 sentit,
460 2279 603 2364 quisquis
622 2280 663 2344 ad
680 2303 769 2344 arma
786 2279 872 2345 facit.

57 2365 162 2430 acrius
180 2364 295 2430 invitos
313 2365 476 2449 multoque
494 2364 630 2431 ferocius
647 2377 778 2452 urguet,

99 2472 197 2534 quam
214 2451 270 2534 qui
287 2451 451 2515 servitium
470 2450 553 2517 ferre
571 2451 720 2529 fatentur,
739 2452 851 2516 Amor.

56 2560 98 2602 en
116 2558 177 2623 ego
198 2573 236 2583 -
255 2537 406 2602 confiteor
422 2569 465 2583 -·-
481 2549 537 2603 tua
555 2560 626 2602 sum
643 2558 727 2602 nova
744 2538 877 2623 praeda,
897 2535 1038 2623 Cupido:

99 2621 292 2709 porrigimus
309 2622 409 2688 victas
428 2624 468 2687 ad
486 2634 541 2687 tua
557 2623 629 2688 iura
645 2646 769 2688 manus.

56 2709 102 2774 nil
120 2729 200 2795 opus
218 2720 266 2774 est
283 2708 376 2774 bello.
420 2708 546 2774 veniam
563 2731 738 2795 pacemque
756 2729 919 2794 rogamus:

99 2817 160 2860 nec
177 2794 236 2859 tibi
252 2795 322 2859 laus
341 2794 436 2859 armis
455 2795 557 2860 victus
574 2796 703 2860 inermis
721 2817 784 2860 ero.

56 2892 149 2946 necte
167 2902 290 2945 comam
308 2892 426 2966 myrto,
444 2893 604 2946 maternas
621 2881 719 2968 iunge
738 2879 915 2946 columbas:

100 2967 156 3051 qui
174 2966 300 3044 deceat,
318 2988 446 3032 currum
464 2968 593 3032 vitricus
610 2968 679 3052 ipse
698 2968 799 3032 dabit:

57 3053 154 3136 inque
172 3052 246 3117 dcto
265 3075 373 3129 curru,
392 3054 510 3139 populo
528 3055 684 3120 clamante
702 3052 925 3139 Triumphum,

99 3138 198 3203 stabis
216 3148 248 3203 et
265 3139 430 3204 adiunctas
449 3151 515 3204 arte
533 3141 675 3205 movebis
693 3163 779 3205 aves.

57 3225 214 3290 ducentur
231 3224 316 3310 capti
333 3225 463 3290 iuvenes
483 3236 655 3312 captaeque
673 3227 812 3312 puellae:

99 3310 179 3376 haec
196 3309 255 3374 tibi
272 3311 460 3396 magnificus
477 3333 595 3398 pompa
613 3312 790 3397 triumphus
809 3312 877 3377 erit.

56 3397 125 3482 ipse
143 3417 219 3481 eg0,
237 3397 357 3481 praeda
373 3419 498 3473 recens,
516 3397 636 3462 factum
654 3399 749 3462 modo
767 3399 883 3463 vulnus
901 3398 1025 3462 habebo

98 3493 131 3548 et
148 3503 233 3546 nova
252 3482 378 3566 captiva
395 3482 522 3547 vincula
539 3494 644 3548 mente
661 3483 772 3548 feram.

55 3568 152 3633 Mens
169 3568 263 3631 Bona
280 3569 413 3634 ducetur
430 3569 576 3632 manibus
594 3579 666 3653 post
683 3579 773 3655 terga
790 3569 915 3634 retortis

98 3664 131 3718 et
147 3653 260 3718 Pudor
278 3664 310 3718 et
327 3654 438 3718 castris
456 3654 612 3738 quidquid
629 3655 759 3720 Amoris
778 3656 878 3720 obest.

55 3739 163 3803 omnia
181 3749 212 3804 te
229 3750 380 3804 metuent.
424 3739 465 3803 ad
483 3749 514 3804 te
532 3762 591 3804 sua
607 3740 756 3805 bracchia
773 3741 906 3806 tendens

98 3825 151 3888 vol
176 3845 214 3888 us
232 3823 290 3887 ‘io'
309 3847 427 3910 magna
445 3847 523 3890 voce
542 3825 746 3911 ‘Triumphe’
766 3837 867 3891 canet.

55 3846 236 3976 Blanditiae
254 3909 384 3975 comites
402 3910 459 3974 tibi
478 3921 569 3976 erunt
587 3910 747 3995 Errorque
765 3911 941 3996 Furorque,

97 3995 232 4060 adsidue
249 4006 355 4082 partes
374 3996 468 4060 turba
485 4008 594 4062 secuta
611 4009 692 4062 tuas.

54 4083 103 4147 his
123 4094 159 4146 tu
177 4079 329 4148 militibus
347 4104 478 4173 superas
496 4083 702 4169 hominesque
721 4082 870 4169 deosque.

108 4181 217 4228 esaar.
227 4180 247 4226 1.
908 4183 934 4240 a
