2604 4974
288 305 495 365 HEROIDUM
511 306 577 385 Vll.
594 306 743 363 170-19a
749 305 837 388 3V111.
855 306 961 364 1-sa.-
1085 288 1127 382 27

148 440 249 516 nupta
265 429 361 508 foret,
379 429 491 496 Paridi
507 438 608 494 mater
625 439 662 493 ut
678 439 752 494 ante
769 429 848 497 fuit?

103 538 164 582 nec
182 528 218 580 tu
234 515 321 580 mille
338 526 422 581 rates
440 515 631 597 sinuosaque
649 514 720 580 vela
736 516 856 600 pararis

146 623 207 667 nec
224 623 373 668 numeros
390 600 498 667 Danai
515 600 636 665 militis:
654 600 723 689 ipse
741 600 826 666 veni!

103 687 151 753 sic
168 709 296 772 quoque
314 710 403 752 eram
419 686 590 773 repetenda
607 696 723 751 tamen.
766 708 826 752 nec
843 697 935 774 turpe
953 687 1074 765 marito,

149 795 262 859 aspera
278 795 338 858 pro
356 794 429 838 caro
447 773 531 838 bella
549 771 658 836 tulisse
674 783 754 837 toro.
1048 853 1051 857 y

103 858 200 944 quid,
218 858 306 942 quod
323 881 402 924 avus
419 858 512 924 nobis
528 857 614 922 idem
630 856 801 943 Pelopeius
818 857 948 945 Atreus,
1146 875 1177 926 25

148 955 195 1023 et,
213 944 321 1012 sinon
338 967 423 1011 esses
441 944 491 1009 vir
507 943 599 1020 mihi,
616 942 716 1009 frater
732 944 820 1009 eras?

104 1030 164 1107 vir,
182 1052 304 1117 precor,
321 1031 428 1107 uxori,
445 1031 544 1098 frater
560 1050 708 1095 succurre
726 1030 838 1094 sorori:

147 1116 268 1181 instant
285 1115 391 1181 officio
408 1117 536 1180 nomina
553 1115 629 1180 bina
646 1126 712 1181 tuo.

106 1225 158 1268 me
175 1201 234 1267 tibi
251 1201 455 1288 Tyndareus,
473 1199 539 1267 rita
556 1200 663 1287 gravis
681 1211 791 1266 auctor
808 1213 839 1266 et
856 1202 957 1280 annis,

148 1287 292 1352 tradidit:
316 1287 480 1352 arbitrium
496 1287 600 1373 neptis
617 1287 757 1353 habebat
774 1310 867 1365 avus3
1146 1305 1179 1354 30

107 1384 139 1438 at
156 1382 248 1460 pater
265 1373 387 1438 Aeaoio
404 1372 606 1460 promiserat,
623 1373 742 1438 inscius
760 1373 831 1437 acti.

77 1500 79 1505 .
148 1459 222 1545 plus
240 1479 382 1542 quoque,
401 1459 456 1543 qui
473 1459 559 1544 prior
577 1469 625 1523 est
642 1458 767 1537 ordine,
784 1458 883 1543 possit
900 1482 988 1525 avus.

109 1567 180 1610 cum
198 1543 258 1609 tibi
274 1544 450 1622 nubebam,
467 1545 548 1610 nulli
564 1567 636 1609 mea
653 1544 747 1609 taeda
763 1544 911 1610 nocebat:

150 1630 178 1695 si
193 1630 309 1716 iungar
325 1629 466 1716 Pyrrho,
484 1641 520 1695 tu
537 1630 615 1695 mihi
631 1630 735 1695 laesus
754 1629 824 1694 eris.

110 1727 140 1781 et
156 1726 247 1802 pater
264 1715 407 1802 ignoscet
423 1727 531 1781 nostro
548 1715 717 1780 Menelaus
735 1715 849 1780 amori:

150 1801 318 1866 succubuit
335 1802 406 1866 telis
424 1801 581 1888 praepetis
598 1802 667 1886 ipse
685 1800 746 1867 dei.

109 1907 203 1971 quem
221 1886 283 1951 sibi
299 1887 455 1971 permisit,
472 1908 590 1973 genero
608 1886 759 1953 concedet
776 1909 925 1952 amorem.

149 1971 291 2059 proderit
308 1974 454 2058 exemplo
472 1984 573 2038 mater
590 1984 695 2039 amata
712 1995 780 2038 suo.

111 2070 143 2124 tu
160 2057 254 2136 mihi,
273 2058 360 2143 quod
376 2059 470 2123 matri
486 2071 577 2144 pater
594 2069 651 2124 est.
696 2080 775 2142 quas
793 2069 903 2145 egerat
919 2057 995 2122 olim

149 2143 335 2210 Dardanius
351 2145 451 2229 partis
467 2145 606 2221 advena,
624 2144 767 2230 Pyrrhus
786 2144 862 2231 agit.
1146 2165 1180 2213 40

110 2231 161 2296 ille
177 2231 252 2295 licet
269 2231 378 2316 patriis
396 2230 465 2295 sine
482 2231 546 2296 fine
564 2230 725 2316 superbiat
742 2231 835 2296 actis:

151 2326 182 2382 et
199 2326 249 2392 tu,
268 2337 351 2400 quae
368 2316 487 2382 referas
505 2317 591 2382 facta
608 2317 762 2402 parentis,
779 2316 888 2381 habes.

61 2404 64 2409 '
111 2401 293 2467 Tantalides
310 2402 413 2467 omnis
429 2401 597 2488 ipsumque
615 2402 747 2488 regebat
763 2400 937 2467 Achillem:

150 2488 202 2553 hic
219 2511 294 2574 pars
311 2488 457 2564 militiae,
476 2488 542 2553 dux
560 2498 627 2553 erat
643 2488 696 2554 ille
714 2488 841 2553 ducum.

111 2583 144 2638 tu
156 2594 283 2657 quoque
300 2572 399 2639 habes
412 2596 565 2659 proavum
580 2573 734 2659 Pelopem
746 2573 940 2659 Pelopisque
952 2584 1130 2659 parentem3
1148 2592 1181 2642 45

150 2659 177 2724 5ἰ
195 2659 309 2724 melius
326 2682 487 2736 numeres,
506 2685 525 2724 a
542 2659 620 2725 Iove
639 2659 768 2741 quintus
786 2659 857 2724 eris.

111 2766 167 2810 nec
184 2745 301 2810 virtute
320 2767 418 2810 cares.
462 2768 551 2809 arma
567 2745 723 2809 invidiosa
740 2744 853 2809 tulisti:

151 2829 208 2895 sed
225 2840 261 2894 tu
278 2831 356 2913 quid
373 2830 514 2896 faceres?
530 2830 634 2895 induit
650 2831 705 2895 illa
721 2840 820 2914 pater.

111 2916 241 2981 materia
258 2916 373 2980 vellem
389 2916 480 2981 fortis
497 2916 626 2982 meliore
644 2916 773 2981 fuisses:

150 3023 216 3068 non
232 3002 315 3066 lecta
332 3012 380 3066 est
397 3002 499 3086 operi,
517 3002 574 3067 sed
591 3002 665 3066 data
683 3024 779 3087 causa
796 3012 861 3066 tuo.
965 3079 967 3084 Ι
1148 3023 1181 3071 5ο

111 3085 190 3152 hanc
208 3098 316 3152 tamen
332 3087 483 3173 implesti,
500 3087 675 3172 iuguloque
693 3087 869 3176 Aegisthus
886 3097 994 3172 aperto

150 3184 235 3238 tecta
250 3173 444 3250 cruentavit,
462 3196 544 3257 quae
562 3184 653 3257 pater
670 3184 744 3238 ante
761 3182 846 3237 tuus.

110 3257 250 3344 increpat
267 3257 425 3323 Aeacides
443 3258 633 3341 laudemque
650 3259 684 3322 in
702 3259 834 3323 crimina
850 3258 957 3323 vertit:

151 3354 183 3409 et
201 3354 308 3408 tamen
326 3355 474 3429 aspectus
493 3343 627 3408 sustinet
642 3344 696 3410 ille
713 3366 811 3410 meos.

109 3451 248 3515 rumpor,
266 3439 299 3494 et
316 3450 372 3493 ora
389 3430 467 3494 mihi
483 3429 601 3515 pariter
618 3451 691 3494 cum
709 3441 814 3495 mente
832 3440 1022 3507 tumescunt,
1147 3449 1179 3498 55

149 3525 342 3602 pectoraque
359 3514 489 3580 inclusis
506 3515 634 3600 ignibus
652 3525 724 3580 usta
741 3516 857 3581 dolent.

109 3601 283 3682 Hermione
300 3621 407 3666 coram
424 3600 633 3684 quisquamne
651 3601 765 3667 obiecit
784 3597 902 3679 Oresti,

149 3708 210 3752 nec
227 3685 305 3750 mihi
322 3695 396 3751 sunt
417 3686 513 3762 vires,
531 3709 590 3751 nec
607 3685 694 3751 ferus
713 3686 796 3751 ensis
814 3685 922 3751 adest?

108 3772 183 3838 flere
200 3771 274 3836 licet
291 3784 386 3836 certe.
428 3771 535 3836 flendo
553 3771 760 3835 diffundimus
777 3770 867 3848 iram,

149 3880 207 3944 per
230 3880 271 3921 ue
288 3857 393 3921 sinum
409 3858 558 3922 lacrimae
574 3857 713 3922 fluminis
731 3857 829 3921 instar
846 3869 931 3922 eunt.
1147 3878 1180 3928 co

108 3941 165 4008 has
182 3879 267 4008 sdlas
284 3942 387 4008 habeo
405 3965 530 4029 semper
547 3965 734 4029 semperque
752 3942 919 4028 profundo.

150 4039 261 4094 ument
277 4029 416 4094 incultae
433 4028 521 4094 fonte
538 4051 676 4114 perenne
694 4051 806 4113 genae.

110 4135 184 4179 uum
202 4113 328 4205 generis
345 4115 427 4192 fato,
446 4114 532 4200 quod
548 4125 673 4203 nostros
691 4113 984 4204 erratinanncs„
1044 4192 1048 4198 ,
1100 4193 1102 4196 ,
