2604 4974
358 275 563 335 HEROIDUM
579 275 687 335 XVIII.
707 275 833 334 rso-147.

146 403 244 485 fitque
261 423 363 464 novus
381 401 478 464 nostri
495 401 567 464 finis
586 401 700 464 amoris
718 424 816 467 antor.

104 487 136 551 a!
163 488 268 572 potius
286 509 428 571 peream,
447 507 542 569 quam
560 486 689 550 crimine
707 488 854 550 vulnerer
869 487 945 552 istc:

146 573 276 655 fataque
294 572 357 636 sint
373 573 467 655 culpa
483 583 591 635 nostra
608 571 714 655 priora
731 583 795 635 tua.

105 680 178 735 neo,
196 657 272 740 quia
288 656 412 721 venturi
430 656 552 720 dederis
570 656 647 719 mihi
665 657 756 741 signa
775 657 899 735 doloris,

147 743 226 806 haec
242 743 364 825 loquor,
383 752 439 804 aut
455 741 541 806 fama
559 741 725 806 sollicitata
742 764 838 807 nova:

106 828 212 892 omnia
229 828 286 892 sed
304 849 424 891 vereor.
468 827 539 909 quis
557 828 640 891 enim
659 849 788 892 securus
806 829 942 893 amavit?

148 913 282 999 cogitet
300 912 446 977 absentes
463 913 555 997 plura
572 913 682 976 timere
699 913 797 977 locus.

106 999 214 1064 felices
231 998 318 1073 illas,
336 1020 394 1062 sua
412 1020 491 1081 quas
508 998 686 1082 praesentia
702 1020 794 1063 nosse

149 1083 280 1148 crimina
298 1105 373 1148 vera
389 1083 492 1159 iubet,
510 1083 590 1147 falsa
607 1083 717 1148 timere
735 1097 830 1149 vetat.

107 1191 164 1234 nos
182 1187 247 1232 tam
266 1190 348 1232 vana
365 1179 472 1233 movet
489 1168 687 1252 quemfacta
704 1169 817 1234 iniuria
834 1171 925 1248 fallit,

148 1255 258 1319 incitat
275 1267 305 1319 et
323 1276 447 1317 morsus
465 1275 551 1318 error
567 1264 700 1336 uterque
717 1278 819 1339 pares.

107 1361 125 1404 ο
142 1340 264 1404 utinam
282 1339 404 1403 venias!
432 1350 487 1403 aut
502 1350 539 1403 ut
556 1350 708 1403 ventusve
725 1352 865 1425 paterve,

150 1446 309 1507 causaque
327 1425 366 1488 sit
385 1436 469 1488 certe
485 1423 604 1488 femina
621 1424 708 1488 nulla
725 1427 845 1491 morae!

107 1510 221 1595 quodsi
239 1531 335 1593 quam
353 1509 466 1585 sciero,
484 1509 600 1572 moriar
616 1509 708 1591 (mihi
725 1512 833 1597 crede)
851 1513 996 1576 dolende.

148 1595 334 1660 iamdudum
352 1616 463 1679 pecca,
481 1595 508 1658 si
525 1617 597 1658 mea
613 1594 679 1658 fata
695 1597 787 1679 petis.

107 1683 164 1746 sed
181 1703 284 1764 neque
302 1679 462 1765 peccabis,
480 1679 659 1763 frustraque
677 1702 737 1765 ego
755 1691 873 1746 terreor
890 1682 971 1746 istis:

149 1788 276 1850 quoque
293 1766 398 1829 minus
415 1765 538 1841 venias,
555 1765 663 1828 invida
678 1779 801 1851 pugnat
818 1768 950 1852 hiemps.

107 1876 158 1919 me
176 1852 341 1927 miseram,
359 1862 477 1933 quanto
495 1850 689 1934 planguntur
704 1852 798 1917 litora
814 1853 922 1929 fluctu,

150 1949 182 2002 et
197 1938 276 2001 latet
293 1936 427 2000 obscura
445 1935 571 2000 condita
587 1936 673 2001 nube
690 1937 771 2002 diesi

107 2022 240 2087 forsitan
257 2022 298 2085 ad
315 2034 448 2106 pontum
465 2033 566 2085 mater
584 2021 637 2105 pia
653 2022 775 2087 venerit
791 2025 912 2101 Helles,

151 2129 317 2190 mersaque
334 2106 447 2171 roratis
464 2118 539 2170 nata
555 2106 668 2170 fleatur
684 2107 788 2191 aquis:

109 2217 150 2259 an
168 2215 255 2258 mare
273 2192 313 2257 ab
330 2192 432 2256 inviso
449 2191 613 2277 privignae
631 2195 757 2259 nominc
775 2194 893 2258 dictum

152 2290 247 2344 vexat
262 2279 295 2342 in
314 2299 501 2361 aequoream
519 2299 611 2341 versa
626 2299 764 2344 noverca
780 2280 890 2344 deam?

109 2386 173 2430 non
190 2365 290 2441 favet,
308 2375 344 2428 ut
360 2385 445 2426 nunc
463 2373 520 2439 est,
539 2364 653 2428 teneris
669 2366 759 2430 locus
775 2365 833 2429 iste
851 2366 976 2450 puellis:

151 2451 213 2514 hac
230 2450 323 2514 Helle
341 2449 447 2534 periit,
465 2448 525 2512 hac
542 2469 603 2533 ego
619 2450 729 2515 laedor
745 2472 836 2534 aqua.

110 2547 144 2600 at
160 2535 218 2599 tibi
234 2535 432 2599 flammarum
449 2533 596 2608 memori,
613 2533 776 2620 Neptune,
793 2548 918 2600 tuarum

153 2621 258 2684 nullus
276 2631 343 2685 erat
359 2619 461 2684 ventis
478 2619 686 2703 inpediendus
703 2641 805 2685 amor:

111 2708 138 2771 si
154 2727 258 2789 neque
276 2706 457 2789 Amymone
473 2726 533 2768 nec
549 2705 765 2770 laudatissima
781 2706 883 2770 forma

154 2790 291 2856 criminis
309 2802 357 2855 est
374 2790 460 2875 Tyro
478 2789 587 2853 fabula
604 2811 686 2855 vana
703 2792 760 2868 tui,

109 2878 278 2960 lucidaque
296 2876 441 2960 Alcyone
460 2873 641 2959 Calyceque
659 2877 862 2942 Hecataeone
878 2889 953 2942 nata

153 2974 186 3028 et
202 2962 342 3026 nondum
360 2961 450 3025 nexis
469 2983 573 3046 angue
589 2962 728 3026 Medusa
745 2961 843 3027 comis

110 3050 256 3132 flavaque
274 3046 417 3112 Laudice
436 3047 585 3129 caeloque
602 3058 728 3132 recepta
747 3045 898 3125 Celaen0,

155 3147 186 3199 et
203 3155 338 3216 quarum
355 3132 629 3196 memini'nomina
645 3134 727 3198 lecta
743 3133 830 3197 mihi.

112 3221 169 3286 has
188 3231 271 3284 certe
288 3219 458 3303 pluresque
476 3229 607 3294 canunt,
623 3218 655 3282 N
656 3228 917 3305 eptune,'p0etae

155 3305 248 3369 molle
266 3304 349 3368 latus
365 3302 455 3367 lateri
473 3303 686 3387 composuisse
704 3316 767 3368 tuo.

113 3415 170 3457 cur
186 3390 292 3476 igitur,
310 3387 423 3454 totiens
442 3388 524 3452 vires
542 3400 689 3473 expertus
708 3389 833 3466 amoris,

154 3477 321 3542 adsuetum
338 3474 429 3538 nobis
446 3473 572 3538 turbine
589 3473 710 3538 claudis
726 3474 805 3540 iter?

112 3585 222 3650 parce,
239 3560 344 3637 ferox,
362 3560 488 3642 latoque
506 3559 586 3622 mari
603 3570 658 3623 tua
674 3560 794 3644 proelia
810 3558 921 3626 misce:

156 3646 278 3713 seducit
295 3658 393 3710 terras
411 3645 490 3709 haec
508 3643 612 3709 brevis
628 3645 716 3709 unda
733 3645 821 3709 duas.

113 3747 145 3800 te
163 3735 253 3799 decet
271 3743 326 3796 aut
343 3753 476 3815 magnas
493 3751 646 3814 magnum
662 3729 779 3794 iactare
797 3729 919 3794 carinas

157 3817 325 3894 autetiam
342 3817 414 3880 totis
432 3815 585 3880 classibus
603 3837 672 3879 esse
689 3826 819 3880 trucem.

113 3919 207 3991 turpe
225 3904 284 3968 deo
302 3901 407 3987 pelagi
424 3900 570 3965 iuvenem
588 3910 704 3965 terrere
720 3910 892 3977 natantem,
944 3906 947 3915 '

157 3991 321 4076 gloriaque
338 3999 387 4051 est
403 3998 517 4070 stagno
535 3985 676 4069 quolibet
692 3986 753 4050 ista
770 3985 881 4050 minor.

114 4076 229 4146 nobilis
248 4075 300 4138 ille
318 4072 445 4159 quidem
463 4082 560 4136 estet
578 4071 680 4137 clarus
698 4071 829 4158 origine,
847 4072 903 4139 sed
920 4094 983 4138 non
