2604 4974
278 718 320 799 30
618 736 651 794 r.
670 738 780 797 ovmr
795 734 958 796 nasonis
1070 788 1073 793 .

228 880 261 931 ao
321 866 386 926 tam
403 860 557 947 premitur
573 886 689 949 magno
708 862 842 964 coniuge
859 870 959 948 nupta
975 860 1088 927 minor.

278 969 343 1012 non
360 946 461 1013 honor
478 957 540 1023 est,
559 947 616 1013 sed
633 970 713 1014 onus
731 970 852 1034 specres
869 948 995 1013 laesura
1011 945 1150 1013 ferentis.

321 1034 412 1116 siqua
430 1033 516 1098 voles
534 1044 607 1119 apte
624 1034 759 1111 nubere,
777 1034 863 1099 nube
879 1033 958 1119 pari.

279 1117 327 1181 vir
344 1118 421 1182 mihi
439 1141 563 1204 semper
580 1119 684 1196 abest,
702 1131 733 1185 et
750 1120 885 1204 coniuge
902 1119 1005 1184 notior
1021 1117 1146 1203 hospes,

322 1214 524 1287 monstraque
541 1205 695 1270 terribiles
712 1205 974 1290 persequiturque
990 1205 1084 1269 feras.

229 1310 260 1358 35
279 1288 348 1374 ipsa
366 1290 459 1354 domo
477 1290 574 1354 vidua
591 1291 672 1355 votis
689 1301 819 1376 operata
835 1292 958 1376 pudicis

321 1385 479 1458 torqueor,
497 1375 611 1441 infesto
628 1399 669 1440 ne
687 1377 735 1440 vir
753 1376 793 1440 ab
811 1377 901 1440 hoste
919 1376 1021 1440 cadat

277 1459 359 1524 inter
376 1471 536 1547 serpentes
554 1483 710 1546 aprosque
728 1462 900 1544 avidosque
918 1462 1024 1526 leones

320 1547 420 1610 iactor
437 1557 469 1610 et
485 1545 636 1612 haesuros
655 1559 744 1611 terna
760 1570 818 1632 per
835 1569 891 1611 ora
909 1569 1013 1611 canes.

278 1654 329 1695 me
346 1632 505 1717 pecudum
522 1632 621 1698 fibrae
638 1633 867 1716 simulacraque
884 1633 991 1696 inania
1009 1632 1111 1696 somni

228 1741 261 1788 40
322 1717 490 1800 ominaque
508 1739 624 1782 arcana
640 1729 733 1783 nocte
750 1718 849 1803 petita
866 1728 1003 1782 movent.

280 1824 421 1888 aucupor
437 1803 549 1868 infelix
565 1805 702 1869 incertae
719 1824 881 1869 murmura
898 1803 1013 1878 famae,

322 1910 441 1974 speque
458 1889 551 1953 timor
568 1889 681 1966 dubia,
698 1910 833 1975 spesque
850 1889 960 1953 timore
979 1889 1072 1952 cadit.

279 1987 380 2039 mater
397 1975 487 2039 abest
505 1976 710 2058 queriturque
728 1975 787 2039 deo
804 1974 961 2059 placuisse
978 1975 1113 2059 potenti:

321 2081 381 2124 nec
397 2070 489 2146 pater
505 2060 734 2146 Amphitryon,
752 2083 812 2126 nec
829 2083 909 2145 puer
926 2060 1044 2144 Hyllus
1062 2061 1161 2124 adest.

228 2166 261 2213 45
280 2145 397 2210 arbiter
413 2144 613 2231 Eurystheus
631 2147 697 2212 irae
716 2147 846 2210 Iunonis
863 2147 990 2229 iniquae

323 2231 456 2296 sentitur
473 2231 579 2308 nobis,
597 2233 706 2315 iraque
724 2233 820 2316 longa
838 2232 925 2296 deae.

280 2315 359 2381 haec
376 2317 454 2381 mihi
471 2319 553 2382 ferre
570 2319 702 2402 parum?
736 2319 919 2402 peregrinos
936 2317 1027 2381 addis
1045 2339 1179 2393 amores,

323 2413 355 2467 et
371 2413 473 2466 mater
489 2404 528 2467 de
547 2413 577 2468 te
595 2403 754 2485 quaelibet
772 2426 841 2468 esse
858 2414 970 2488 potest.

279 2511 344 2553 non
361 2509 422 2574 ego
439 2487 620 2553 Partheniis
637 2499 822 2554 temeratam
840 2488 974 2552 vallibus
992 2489 1111 2574 Augen

228 2595 262 2643 ⁵0
322 2595 381 2638 nec
398 2573 533 2639 referam
550 2583 673 2660 partus,
692 2572 826 2639 Ormeni
842 2574 998 2659 nympha,
1016 2584 1102 2651 tu0s;

167 2701 174 2713 ·
280 2681 345 2725 non
362 2660 420 2724 tibi
437 2661 555 2725 crimen
573 2671 663 2724 erunt
682 2660 889 2724 Teuthrantia
906 2661 999 2724 turba
1017 2682 1150 2736 sorores,

324 2767 459 2829 quarum
476 2745 515 2810 de
532 2746 651 2830 populo
668 2747 755 2809 nulla
772 2746 881 2810 relicta
898 2745 956 2809 tibi
974 2757 1030 2810 est.

281 2854 359 2907 una,
377 2853 486 2896 recens
505 2832 638 2908 crimen,
656 2831 810 2896 referetur
828 2831 969 2896 adultera
985 2832 1087 2907 nobis,

323 2916 408 2982 unde
427 2939 486 3002 ego
505 2940 575 2981 sum
593 2917 688 3001 Lydo
705 2917 790 2982 facta
807 2939 944 2981 noverca
961 2916 1074 2981 Lamo.

231 3023 263 3072 55
281 3002 489 3080 Maeandros,
506 3002 598 3068 terris
615 3003 730 3067 totiens
752 3013 871 3067 errator
888 3002 1047 3072 hiisdem,

323 3089 379 3171 qui
394 3089 494 3153 lassas
511 3091 545 3152 in
562 3112 596 3154 se
614 3112 709 3174 saepe
728 3099 887 3171 retorquet
904 3109 1013 3171 aquas,

281 3175 361 3239 vidit
377 3175 410 3238 in
428 3175 588 3241 Herculeo
606 3197 760 3260 suspensa
777 3174 906 3237 monilia
924 3173 1015 3236 collo:

323 3261 392 3336 illc,
411 3261 462 3324 cui
479 3262 602 3326 caelum
620 3261 743 3325 sarcina
760 3282 859 3344 parva
875 3258 949 3322 fuiti

281 3368 345 3409 non
362 3346 476 3430 puduit
492 3347 582 3411 fortis
601 3367 677 3410 auro
695 3345 841 3409 cohibere
858 3345 991 3408 lacertos

232 3453 264 3500 60
325 3442 356 3496 et
374 3432 480 3496 solidis
498 3454 641 3516 gemmas
659 3431 843 3516 opposuisse
861 3430 947 3493 toris.

281 3539 396 3601 nempe
414 3517 473 3581 sub
491 3516 539 3581 his
558 3517 695 3580 animam
713 3516 809 3600 pestis
827 3515 987 3579 Nemeaea
1004 3514 1128 3578 lacertis

325 3602 435 3676 edidit,
453 3602 539 3666 unde
556 3624 684 3666 umerus
702 3602 842 3686 tegmina
858 3601 967 3664 laevus
985 3599 1100 3664 habet?

282 3711 377 3751 ausus
396 3710 429 3752 es
447 3687 584 3751 hirsutos
600 3687 694 3751 mitra
710 3686 856 3751 redimire
875 3686 1013 3771 capillos.

324 3774 427 3858 aptior
443 3773 621 3838 Herculeae
637 3773 773 3857 populus
791 3771 864 3836 alba
882 3793 1000 3835 comae.

231 3882 263 3930 65
281 3881 340 3924 nec
357 3870 388 3924 te
407 3859 556 3924 Maeonia
574 3858 710 3922 lascivae
727 3879 814 3922 more
831 3856 956 3942 puellae

323 3946 442 4046 incingi
459 3967 540 4009 zona
558 3945 742 4009 dedecuisse
760 3943 871 4028 putes?

281 4053 344 4095 non
362 4031 420 4094 tib1
437 4030 591 4095 succurrit
609 4030 697 4094 crudi
715 4028 881 4092 Diomedis
898 4028 1014 4113 imagc,

324 4115 440 4180 efferus
457 4117 597 4180 humana
614 4116 668 4198 qui
686 4115 768 4199 dape
785 4114 872 4201 pavit
890 4113 1007 4197 equas?

282 4200 309 4265 si
326 4213 358 4266 te
376 4203 505 4267 vidisset
523 4202 609 4266 cultu
627 4201 750 4264 Busiris
767 4201 800 4264 in
818 4200 888 4274 isto,

232 4308 264 4357 70
324 4285 398 4351 huic
415 4289 515 4352 victor
532 4288 615 4351 victo
632 4309 746 4371 nempe
763 4286 929 4385 pudendus
948 4282 1031 4348 erasi

282 4372 427 4436 detrahat
444 4374 589 4438 Antaeus
608 4373 687 4436 duro
705 4370 889 4435 redrmicula
906 4371 997 4446 colle,

324 4480 364 4521 ne
381 4458 488 4543 pigeat
505 4459 592 4523 molli
609 4457 817 4523 subcubuisse
835 4455 913 4518 viro.

281 4544 363 4608 inter
379 4543 525 4609 Ioniacas
542 4544 701 4610 calathum
718 4542 855 4608 tenuisse
873 4540 994 4625 puellas

1097 4440 1109 4473 1
