2604 4974
321 277 577 336 usuumoauu
592 276 736 334 auosrs
754 276 899 334 aer-m.
1056 261 1123 331 205

143 399 290 477 vicimus,
308 411 340 465 et
357 399 430 465 falsi
447 401 585 466 criminis
603 412 675 466 acta
692 425 746 467 rea
763 410 821 466 est.

100 508 261 572 rumpere,
279 486 358 550 livor
376 486 467 552 edax.
510 509 663 573 magnum
680 487 743 551 iam
759 508 875 551 nomen
891 486 1060 555 habemus:

142 572 244 636 maius
262 573 335 648 erit,
354 583 491 648 tantum,
510 593 573 656 quo
590 573 672 657 pede
690 572 809 657 coepit,
826 583 887 638 eat.
1138 589 1187 639 390

100 657 157 722 sed
173 657 304 721 nimium
322 680 483 758 properas.
526 657 632 723 vivam
649 658 759 735 modo,
777 659 869 758 plura
886 657 1021 722 dolebis:

143 753 174 808 et
192 743 320 828 capiunt
336 743 433 807 ammi
451 744 591 808 carmina
608 744 708 808 multa
724 766 798 808 mer.

98 852 173 892 nam
190 829 293 905 iuvat,
311 842 342 894 et
359 829 499 894 studium
516 829 620 895 famae
637 829 715 893 mihi
732 828 832 894 crevit
848 828 976 893 honore.

142 914 295 1000 principio
314 915 387 978 clivi
404 927 511 980 noster
528 915 654 980 anhelat
672 935 783 998 equus.

100 1011 223 1065 tantum
241 1023 275 1064 se
292 1000 383 1065 nobis
401 1000 484 1086 elegi
501 1001 616 1066 debere
633 1002 782 1076 fatentur,

142 1097 296 1169 quantum
313 1086 455 1171 Vergilio
472 1086 578 1151 nobile
596 1087 690 1152 debet
708 1109 794 1171 epos.
812 1123 856 1133 —

99 1169 251 1242 hactenus
269 1171 405 1236 invidiae
422 1172 651 1257 respondimus.
696 1171 818 1236 attrahe
835 1171 903 1235 lora

142 1255 254 1320 fortius
273 1267 304 1321 et
320 1279 400 1342 gyro
418 1278 523 1333 curre,
542 1267 651 1342 poeta,
670 1268 734 1322 tuo·

101 1363 177 1427 ergo
195 1341 252 1405 ubi
269 1341 455 1406 concubitus
472 1353 602 1427 etopus
619 1343 764 1408 iuvenale
781 1352 915 1429 petetur,

143 1438 175 1492 et
192 1449 290 1512 prope
307 1428 479 1512 promissae
497 1438 639 1514 tempora
656 1429 757 1493 noctis
775 1440 877 1504 erunt,

99 1513 274 1598 gaudiana
293 1513 452 1590 dominae,
470 1515 563 1599 pleno
582 1514 608 1578 si
626 1536 756 1599 corpore
775 1537 891 1590 sumes,

143 1611 175 1663 te
192 1599 332 1684 capiant,
350 1599 437 1664 ineas
455 1599 629 1683 quamlibet
646 1613 733 1676 ante,
753 1600 856 1665 velim.

99 1685 274 1768 quamlibet
290 1684 447 1762 invenias,
464 1685 498 1748 in
515 1706 579 1768 qua
597 1697 652 1749 tua
670 1687 771 1771 prima
788 1687 935 1771 voluptas

143 1770 278 1836 desinat:
298 1793 316 1835 a
333 1771 435 1856 prima
452 1771 596 1857 proxima
614 1771 718 1856 segnis
737 1771 805 1836 erit.

101 1866 274 1921 sustentata
291 1857 402 1921 Venus
419 1857 607 1942 gratissima.
652 1856 770 1943 frigore
787 1857 879 1932 solea

144 1942 209 2006 sole
226 1941 337 2006 iuvant
355 1942 501 2019 umbrae,
519 1954 611 2028 grata
627 1943 663 2007 fit
680 1943 766 2007 unda
784 1942 845 2007 siti.

100 2038 133 2091 et
149 2027 261 2111 pudet,
279 2039 311 2092 et
328 2027 446 2093 dicam:
464 2028 623 2095 Venerem
642 2050 769 2112 quoque
786 2028 883 2114 iunge
900 2026 1014 2112 figura,

143 2133 206 2195 qua
224 2113 353 2178 minime
369 2113 460 2199 iungi
478 2135 636 2197 quamque
655 2115 765 2180 decere
783 2126 886 2200 putas.

99 2220 158 2262 neo
174 2197 265 2262 labor
283 2199 407 2265 efficere
425 2209 482 2264 est.
525 2223 614 2264 rarae
632 2200 693 2264 sibi
710 2222 785 2265 vera
802 2201 951 2275 fatentur,

143 2294 175 2347 et
190 2283 269 2348 nihil
287 2296 348 2361 est,
367 2287 452 2368 quod
470 2309 504 2350 se
522 2285 706 2352 dedecuisse
723 2295 843 2371 putent.

99 2379 174 2434 tunc
192 2369 287 2434 etiam
304 2369 399 2443 iubeo
416 2381 498 2436 totas
516 2370 637 2455 aperire
654 2370 808 2437 fenestras

142 2455 309 2541 turpiaque
327 2455 464 2520 admisso
481 2456 623 2522 membra
641 2468 750 2523 notare
768 2456 829 2520 die.

99 2552 132 2605 at
150 2541 243 2604 simul
262 2541 302 2604 ad
320 2553 419 2606 metas
437 2542 523 2606 venit
539 2541 628 2607 finita
646 2543 801 2626 voluptas,

141 2626 287 2710 lassaque
305 2649 376 2690 cum
394 2637 460 2691 tota
478 2649 610 2712 corpora
626 2639 732 2692 mente
749 2627 862 2703 iacent,

99 2713 175 2775 dum
193 2713 294 2797 piget,
312 2723 349 2775 ut
365 2713 455 2776 malis
473 2713 593 2776 nullam
609 2713 749 2798 tetigisse
767 2712 915 2798 puellam,
1135 2731 1186 2780 415
1233 2765 1236 2770 .

140 2809 343 2881 tacturusque
361 2798 418 2862 tibi
435 2819 499 2863 non
516 2798 643 2863 videare
663 2799 727 2874 diu,

98 2893 174 2947 tunc
191 2884 296 2948 animo
314 2882 418 2969 signa,
437 2884 659 2967 quodcumque
676 2885 710 2948 in
727 2905 858 2970 corpore
875 2882 1026 2957 mendum
1044 2895 1101 2960 est,

139 2968 323 3052 luminaque
341 2969 373 3032 in
391 2970 474 3035 vitiis
490 2970 576 3034 illius
593 2991 694 3052 usque
712 2982 794 3035 tene.

97 3052 230 3118 forsitan
246 3054 326 3119 haec
344 3055 457 3138 aliquis
475 3053 563 3137 (nam
581 3067 655 3120 sunt
672 3056 813 3140 quoque)
830 3078 929 3140 parva
947 3055 1091 3120 vocabit?

140 3139 196 3204 sed
213 3161 295 3222 quae
312 3163 377 3206 non
393 3153 525 3226 prosunt
542 3141 681 3226 singula,
699 3143 798 3207 multa
815 3141 934 3207 iuvant.
1135 3160 1186 3210 420

97 3247 197 3311 parva
214 3236 307 3290 necat
324 3248 432 3291 morsu
448 3226 621 3312 spatiosum
638 3227 747 3312 vipera
765 3243 905 3292 taurum:

141 3333 161 3374 a
179 3332 256 3375 cane
274 3333 337 3376 non
355 3334 471 3398 magno
489 3335 583 3397 saepe
601 3324 725 3378 tenetur
743 3335 828 3398 aper.

97 3407 133 3461 tu
151 3408 274 3460 tantum
291 3419 422 3462 numero
440 3420 550 3483 pugna
566 3410 797 3483 praeceptaque
814 3399 848 3462 in
866 3421 965 3462 unum

141 3482 304 3547 contrahe:
323 3482 362 3547 de
380 3479 486 3547 inultis
504 3483 633 3568 grandis
650 3505 782 3549 acervus
801 3485 867 3548 erit

99 3568 322 3651 sedquoniam
340 3568 470 3633 totidem
488 3591 590 3633 mores
609 3569 801 3651 totidemque
820 3569 949 3654 figurae,
1135 3589 1185 3636 425
1270 3632 1289 3653 ,ι

141 3675 203 3717 non
223 3663 296 3716 sunt
312 3652 434 3717 iudiciis
453 3655 558 3718 omnia
575 3654 680 3718 danda
698 3655 786 3719 meis.
1269 3656 1289 3673 ''

99 3761 161 3822 quo
181 3751 235 3802 tua
251 3760 315 3803 non
332 3751 464 3824 possunt
481 3738 599 3804 offendi
616 3750 744 3824 pectora
761 3739 855 3816 facto,

141 3823 273 3888 forsitan
291 3824 351 3888 hoc
369 3824 430 3887 alio
447 3825 551 3891 iudice
570 3825 688 3891 crimen
705 3824 773 3890 erit.

99 3910 151 3974 ille
170 3909 256 3992 quod
273 3910 425 3975 obscenas
443 3909 475 3974 in
493 3922 601 3996 aperto
620 3931 749 3995 corpore
766 3922 871 3994 partes

142 3994 278 4071 viderat,
296 3996 328 4059 in
346 4017 441 4060 cursu
458 3996 513 4078 qui
530 3997 604 4074 fuit,
622 3996 722 4061 haesit
740 4019 841 4060 amor:

99 4081 152 4146 ille
170 4082 255 4166 quod
273 4105 292 4146 a
310 4081 443 4148 Veneris
461 4082 555 4148 rebus
574 4095 723 4168 surgente
741 4083 850 4170 puella
