2604 4974
372 288 838 362 unsomunxv1.1ro-1or.
1076 275 1117 347 61

138 423 186 478 est
203 413 278 478 data
294 413 437 490 libertas,
456 413 543 497 quod
559 412 728 478 Menelaus
746 414 845 478 abest.
872 425 874 429 '

94 497 146 564 ille
164 499 293 581 quidem
310 499 421 600 procul
439 510 500 574 est,
517 500 562 563 ita
579 522 613 564 re
631 511 777 584 cogente,
795 499 971 584 profectus:
1137 519 1185 568 155

137 607 255 669 magna
272 585 333 649 furt
351 584 474 649 subitae
492 585 639 667 iustaque
657 607 753 649 causa
770 585 851 649 viae.

94 682 151 734 aut
168 671 246 734 mihi
264 671 310 734 sic
327 671 431 734 visum
449 682 506 734 est.
551 691 626 755 eg0,
645 693 717 735 cum
736 670 895 735 dubitaret
912 692 953 734 arr
970 670 1039 748 iret,

138 763 248 840 ‘quam
268 755 418 842 primum'
437 755 503 819 dixi
521 756 587 819 ‘fac
604 756 762 821 rediturus
781 756 854 821 eas.’

94 841 199 906 omine
216 843 351 907 laetatus
370 841 456 906 dedit
474 842 596 917 oscula,
615 848 681 906 ‘res
688 841 760 924 ’que
779 841 970 926 ‘domusque

137 939 170 991 et
186 927 244 991 tibi
262 928 301 991 sit
319 949 413 992 curae
431 926 566 991 Troicus
584 927 712 1012 hospes'
733 927 786 991 ait

94 1012 149 1076 vix
167 1014 255 1077 tenui
272 1014 384 1089 risum3
404 1035 499 1096 quem
517 1013 593 1077 dum
612 1035 811 1113 compescere
828 1014 939 1091 luctor,

19 1110 27 1124 ·
138 1098 184 1162 nil
200 1099 246 1163 illi
263 1099 352 1183 potui
370 1097 473 1163 dicere
491 1110 617 1184 praeter
634 1099 727 1163 ‘er1t.'

95 1185 167 1249 vela
184 1184 314 1266 quidem
332 1181 450 1248 Creten
467 1185 570 1249 ventis
589 1184 676 1249 dedit
692 1184 745 1249 ille
763 1184 925 1250 secundis:

138 1270 195 1335 sed
212 1283 248 1334 tu
265 1291 329 1333 non
347 1269 426 1334 adeo
444 1281 559 1335 cuncta
575 1271 670 1335 licere
688 1268 777 1355 putul

96 1356 142 1420 sic
159 1378 249 1420 meus
267 1355 341 1419 hinc
359 1355 408 1419 vir
425 1356 529 1431 abest,
548 1367 583 1420 ut
600 1379 651 1420 me
669 1355 825 1420 custodiat
843 1355 967 1419 absens.

139 1465 179 1504 an
196 1442 299 1505 nescis
317 1441 429 1526 longas
447 1442 575 1526 regibus
594 1464 662 1506 esse
680 1442 812 1506 manus?

94 1525 182 1591 fama
199 1548 327 1610 quoque
345 1538 393 1591 est
409 1528 507 1591 oneri.
550 1550 624 1591 nam
643 1549 706 1610 quo
726 1527 922 1591 constantius
940 1549 994 1593 ore

137 1612 306 1677 laudamur
322 1623 442 1689 vestro,
460 1612 573 1676 iustius
591 1613 643 1677 ille
661 1613 760 1678 timet.

94 1719 178 1781 quae
195 1697 298 1773 iuvat,
316 1709 351 1763 ut
368 1720 453 1762 nunc
471 1710 532 1774 est,
551 1698 662 1762 eadem
680 1698 757 1763 mihi
774 1698 875 1785 gloria
893 1698 1008 1762 damno
1027 1709 1082 1774 est,

139 1795 170 1848 et
188 1784 301 1848 melius
319 1785 424 1848 lamae
442 1784 539 1848 verba
557 1784 681 1849 dedisse
699 1784 769 1848 fuit.

94 1892 169 1944 nec,
188 1870 275 1953 quod
292 1869 396 1947 abest,
414 1870 466 1934 hic
483 1893 534 1934 me
552 1881 657 1934 tecum
674 1871 788 1935 mirare
806 1870 962 1935 relictam:

139 1955 280 2019 moribus
299 1968 331 2020 et
348 1956 432 2020 vitae
450 1956 582 2020 credidit
599 1956 652 2020 ille
669 1979 770 2021 meae.

96 2041 137 2106 de
155 2041 237 2106 facie
254 2041 380 2117 metuit,
400 2042 483 2106 vitae
501 2042 629 2106 confidit
635 2066 643 2118 ;
663 2055 694 2107 et
711 2042 801 2106 illum

140 2148 288 2192 securum
305 2126 460 2214 probitas,
478 2127 581 2191 forma
598 2128 708 2192 timere
726 2127 812 2193 facit.

95 2224 296 2298 temporarie
314 2224 445 2298 pereant
462 2213 545 2276 ultro
563 2213 653 2289 data,
671 2213 841 2299 praecipis,
859 2223 957 2297 utque

139 2298 289 2384 simplicis
306 2309 435 2363 utamur
453 2299 675 2363 commoditate
693 2299 761 2363 viri.

95 2395 128 2449 et
144 2385 222 2449 libet
239 2395 272 2449 et
287 2385 398 2448 timeo:
416 2406 476 2449 nec
494 2384 598 2449 adhuc
616 2397 727 2450 exacta
744 2385 890 2449 voluutas

139 2481 187 2534 est
204 2470 294 2534 satis:
312 2470 346 2533 in
364 2469 460 2533 dubio
478 2482 606 2555 pectora
624 2483 732 2535 nostra
748 2470 867 2537 labant.

96 2568 128 2621 et
144 2556 193 2619 vir
211 2554 301 2620 abest
318 2555 424 2632 nobis,
444 2568 476 2620 et
492 2567 527 2620 tu
545 2556 613 2621 sine
631 2557 766 2641 coniuge
785 2554 917 2620 dormis:

138 2641 235 2725 inque
253 2640 355 2705 vicem
372 2653 427 2705 tua
444 2665 509 2718 me,
527 2653 559 2706 te
576 2664 647 2707 mea
664 2642 767 2707 forma
785 2642 883 2726 capit:

97 2737 128 2792 et
145 2728 259 2812 longae
277 2739 400 2792 noctes:
418 2739 450 2791 et
467 2727 531 2791 iam
549 2750 692 2793 sermone
711 2727 845 2791 coimus:

140 2825 172 2877 et
189 2823 224 2877 tu
241 2849 284 2859 -
301 2836 352 2878 me
370 2812 531 2877 miseraml
550 2849 594 2860 -
611 2814 759 2890 blandus,
778 2824 809 2878 et
826 2835 891 2877 una
909 2812 1036 2876 domus:

97 2912 128 2963 et
145 2921 287 2984 peream,
307 2899 414 2963 sinon
432 2899 566 2964 invitant
583 2899 689 2963 omnia
707 2899 842 2985 culpam.

140 2984 245 3050 nescio
264 3006 328 3067 quo
345 2985 452 3049 tardor
470 2985 526 3049 sed
543 2996 649 3050 tamen
667 2986 737 3071 ipsa
753 2996 850 3050 metu.

97 3071 183 3154 quod
201 3070 282 3134 male
301 3072 487 3154 persuades,
505 3072 626 3136 utinam
644 3072 724 3136 bene
743 3093 856 3156 cogere
874 3068 999 3156 posses!

141 3157 173 3219 vi
190 3178 262 3220 mea
278 3155 436 3220 rusticitas
455 3158 644 3222 excutienda
661 3157 730 3221 fuit.

99 3242 184 3305 utilis
202 3241 362 3305 interdum
380 3253 427 3306 est
445 3241 521 3326 ipsis
539 3243 654 3307 iniuria
671 3244 786 3328 passis:

141 3326 186 3391 sic
204 3338 287 3390 certe
305 3326 382 3390 felix
400 3349 468 3391 esse
487 3343 596 3392 coacta
613 3328 723 3392 forem.

99 3413 175 3476 dum
193 3434 294 3475 novus
314 3425 374 3489 est,
392 3413 497 3497 potius
515 3425 627 3497 coepto
646 3436 825 3498 pugnemus
843 3412 957 3478 amoril

139 3498 268 3563 flamma
284 3520 394 3563 recens
412 3521 511 3583 parva
529 3521 637 3584 sparsa
653 3498 770 3564 resedit
788 3521 881 3583 aqua.

98 3596 203 3648 certus
220 3583 254 3647 in
271 3583 447 3668 hospitibus
465 3606 529 3648 non
547 3595 594 3648 est
612 3606 713 3650 amor:
732 3596 816 3648 errat
832 3595 869 3648 ut
885 3584 960 3669 ipsi:
1041 3662 1044 3667 Ι

142 3690 277 3753 cumque
295 3668 372 3731 nihil
390 3692 497 3754 speres
514 3670 635 3734 firmius
653 3693 736 3747 esse,
755 3670 848 3755 fugit.

99 3754 281 3839 Hypsipyle
299 3755 401 3829 testis,
419 3756 507 3819 testis
525 3755 649 3821 Minoia
666 3757 756 3842 virgo
774 3767 831 3832 est,

141 3839 174 3903 in
191 3862 256 3904 nou
274 3838 421 3905 exhibitis
439 3851 573 3924 utraque
591 3843 661 3906 lusa
678 3842 763 3905 toris.

98 3936 134 3990 tu
151 3947 279 4008 quoque
297 3925 442 3989 dilectam
461 3927 591 4003 multos,
608 3926 719 4002 infide,
737 3949 794 4011 per
811 3948 910 3991 annos

142 4011 256 4076 diceris
275 4008 430 4075 Oenonen
449 4012 625 4076 destituisse
643 4023 746 4077 tuam:

98 4119 159 4162 nec
177 4108 283 4161 tamen
300 4097 367 4182 ipse
385 4119 492 4184 negas.
538 4109 569 4164 et
586 4097 677 4163 nobis
695 4096 802 4163 omnia
820 4098 859 4164 de
877 4110 909 4164 te
