2604 4974
389 250 595 310 usnemun
611 252 678 307 ΧΠ.
697 251 841 311 roc-raa
1060 236 1125 305 ’43

146 373 289 440 constitit
306 375 347 439 ad
364 376 510 461 geminae
526 375 636 441 limina
653 376 755 462 prima
771 375 864 463 foris)
1146 395 1195 447 150

103 458 197 525 ‘hinc
213 460 306 537 mihi,
323 473 433 538 mater,
451 460 520 526 abii
546 483 696 547 pompam
713 462 817 547 pater’
834 461 937 546 inquit
955 461 1064 527 ‘Iason
1152 490 1161 528 5

148 545 238 610 ducit
254 555 286 610 et
303 547 467 611 adiunctos
486 569 601 611 aureus
618 558 734 631 urguet
752 548 871 629 equos?

103 631 250 718 protinus
268 631 408 696 abscissa
425 632 533 732 planxi
551 655 622 696 mea
639 642 767 717 pectora
784 644 881 709 veste,

148 726 218 782 tuta
234 737 295 780 nec
312 739 332 780 a
349 717 455 801 digitrs
473 739 529 781 ora
546 717 635 781 fuere
653 718 741 783 meis.

105 801 152 868 ire
170 802 295 866 animus
313 803 435 880 mediae
454 802 608 867 suadebat
625 803 657 866 in
675 803 802 888 agmina
820 803 931 869 turbae

150 897 297 971 sertaque
315 887 497 972 compositis
515 887 640 953 demere
657 900 749 973 rapta
766 888 874 953 comis.

107 973 163 1038 vix
180 994 231 1038 me
249 973 405 1048 continui,
423 973 501 1056 quin
519 973 564 1037 sic
582 974 699 1037 laniata
716 974 846 1059 capillos

150 1058 319 1123 clamarem
337 1063 441 1122 ‘meus
459 1058 521 1123 est’
539 1059 751 1143 iniceremque
769 1081 891 1123 manus.

105 1144 191 1209 laese
208 1153 309 1229 pater,
327 1143 446 1229 gaude3
466 1141 578 1209 Colchi
596 1145 732 1292 gaudete
750 1144 863 1211 relictil

148 1227 292 1306 inferias,
310 1228 442 1294 umbrae
459 1228 579 1306 fratris,
621 1229 726 1305 abete,
745 1229 821 1294 meil

108 1314 245 1393 deseror,
263 1314 386 1378 amissis
404 1337 503 1399 regno
520 1315 685 1399 patriaque
703 1315 870 1399 domoque,

149 1399 299 1485 coniuge,
318 1399 372 1482 qui
390 1400 482 1463 nobis
501 1401 606 1464 omnia
623 1401 708 1464 solus
726 1411 803 1464 erat.

106 1495 267 1571 serpentes
284 1486 383 1570 igitur
399 1486 489 1586 potui
506 1498 677 1569 taurosque
695 1486 837 1563 furentis,

149 1594 250 1636 unum
268 1593 333 1634 non
351 1583 440 1656 potui
458 1571 675 1655 perdomuisse
692 1570 805 1635 virum.

105 1678 251 1740 quaeque
269 1657 352 1721 feros
371 1657 479 1742 pepuli
496 1657 596 1721 doctis
614 1656 820 1721 medicatibus
838 1658 938 1742 ignes,

148 1763 212 1806 non
231 1742 321 1805 valeo
339 1741 482 1806 flammas
501 1742 641 1827 effugere
658 1743 728 1828 ipsa
746 1765 842 1807 meas.

104 1827 167 1913 ipsi
184 1849 235 1891 me
253 1838 364 1891 cantus
382 1827 562 1911 herbaeque
580 1839 725 1911 artesque
743 1828 933 1910 relinquunt.

147 1912 193 1976 nil
210 1912 285 1988 dea,
302 1912 348 1975 nil
366 1913 504 1978 Hecates
523 1935 612 1977 sacra
629 1914 764 1997 potentis
783 1925 892 1998 agunt.

105 2019 171 2062 non
188 1997 265 2061 mihi
281 2007 374 2083 grata
392 1997 474 2075 dies,
492 2009 601 2063 noctes
619 1999 790 2083 vigilantur
807 2021 943 2076 amarae,

147 2104 207 2148 nec
225 2092 366 2147 teneram
382 2083 497 2147 misero
515 2095 642 2169 pectore
660 2106 787 2148 somnus
806 2084 910 2148 habet.

105 2190 190 2253 quae
206 2191 258 2233 me
274 2190 338 2232 non
355 2190 500 2253 possum,
518 2170 608 2254 potui
625 2170 728 2255 sopire
747 2170 925 2233 draconem.

149 2254 255 2319 utilior
273 2254 372 2318 cuivis
391 2275 486 2336 quam
504 2253 580 2318 mihi
599 2277 675 2318 cura
692 2277 764 2318 mea
781 2266 838 2319 est.

105 2360 186 2423 quos
204 2361 264 2424 ego
283 2340 421 2416 servavi,
438 2341 550 2425 paelex
569 2341 767 2426 amplectitur
784 2351 880 2417 artus,

150 2435 182 2489 et
198 2424 297 2489 nostri
314 2424 435 2489 fructus
453 2426 507 2490 illa
522 2426 640 2490 laboris
658 2425 764 2490 habet.

106 2509 239 2574 forsitan
257 2520 301 2586 et,
320 2511 433 2574 stultae
452 2511 527 2575 dnm
546 2522 577 2574 te
594 2511 710 2575 iactare
727 2509 859 2574 maritae

149 2595 275 2678 quaeris
293 2606 325 2660 et
342 2595 464 2659 iniustis
483 2597 612 2660 auribus
631 2607 705 2680 apta
722 2596 819 2678 loqui,

106 2681 140 2745 in
157 2681 272 2745 faciem
289 2701 456 2764 moresque
473 2703 560 2746 meos
578 2703 662 2745 nova
679 2681 809 2745 crimina
826 2681 937 2765 fingas.

149 2766 250 2831 rideat
268 2776 300 2830 et
316 2766 400 2830 vitiis
417 2767 501 2831 laeta
519 2767 559 2831 sit
576 2767 630 2830 illa
647 2767 735 2830 meis.

106 2851 207 2917 rideat
225 2862 257 2916 et
274 2851 372 2936 Tyrio
390 2851 492 2917 iaceat
509 2851 652 2916 sublimis
669 2852 702 2917 in
720 2860 819 2914 ostro:

148 2936 252 3012 flebit,
271 2947 303 3001 et
320 2937 447 3002 ardores
465 2936 571 3002 vincet
588 2938 701 3002 adusta
717 2935 820 3001 meosl

107 3022 183 3088 dum
201 3022 319 3087 sermm
337 3022 546 3107 flammaeque
564 3024 699 3087 aderunt
716 3044 873 3105 sucusque
891 3022 1014 3099 veneni,

148 3108 247 3172 hostis
265 3107 403 3172 Medeae
420 3109 526 3172 nullus
543 3108 662 3172 inultus
681 3107 748 3172 erit.

107 3193 238 3280 quodsi
256 3193 336 3257 forte
354 3215 463 3278 preces
482 3194 665 3277 praecordia
682 3192 784 3258 ferrea
802 3203 946 3279 tangunt,

148 3301 235 3344 nunc
253 3277 365 3342 animis
383 3279 458 3342 audi
476 3279 575 3343 verba
591 3279 714 3342 minora
731 3278 819 3342 meis.

106 3381 172 3431 tam
189 3364 249 3430 tibi
266 3387 337 3428 sum
354 3366 503 3449 supplex,
522 3386 618 3447 quam
636 3376 671 3430 tu
688 3363 766 3427 mihi
783 3387 877 3449 saepe
894 3364 997 3429 fuisti:

149 3471 209 3514 nec
227 3471 333 3513 moror
351 3462 424 3514 ante
442 3460 513 3515 tuos
530 3449 738 3534 procubuisse
754 3450 862 3535 pedes.

108 3538 135 3602 si
151 3535 210 3600 tibi
228 3558 298 3599 sum
316 3534 401 3611 vilis,
420 3535 596 3600 communis
613 3535 734 3620 respice
752 3545 857 3599 natos:

151 3621 271 3686 saeviet
287 3620 321 3684 in
338 3631 448 3705 partus
467 3621 535 3684 dira
552 3642 689 3686 noverca
706 3643 803 3685 meos.

108 3717 140 3773 et
157 3705 291 3770 nimium
309 3706 425 3770 similes
443 3706 500 3771 tibi
518 3716 604 3783 sunt,
624 3715 656 3772 et
672 3706 811 3792 imagine
828 3716 951 3790 tangor,

151 3802 183 3856 et
201 3791 345 3875 quotiens
363 3791 470 3868 video,
488 3792 609 3856 lumina
626 3801 734 3857 nostra
750 3792 888 3855 madent.

108 3900 166 3964 per
183 3898 313 3962 superos
332 3898 402 3953 oro,
419 3899 477 3962 per
494 3878 596 3942 avitae
613 3879 734 3942 lumina
750 3877 906 3953 flammae,

151 3984 209 4048 per
225 3962 372 4027 meritum
390 3972 421 4027 et
438 3975 544 4040 natos,
561 3964 695 4048 pignora
712 3973 827 4038 nostra,
847 3962 939 4026 duos:

110 4048 209 4114 redde
226 4058 345 4125 torum,
361 4070 419 4136 pro
437 4069 501 4132 quo
516 4061 565 4137 tot
581 4072 632 4114 res
649 4048 760 4114 insana
777 4047 904 4132 reliqui;
