2604 4974
255 309 421 368 Amorum
438 311 510 365 mn.
530 312 551 364 1.
571 309 801 380 x111,aa-xv‚
820 310 861 365 14.
1030 296 1070 363 97

51 435 117 499 vim
135 435 246 519 procul
263 433 336 498 hinc
353 456 490 499 remove.
534 455 597 497 non
615 445 676 509 est,
694 434 749 515 qui
766 433 880 498 debeat
897 433 960 498 uri:
1045 451 1060 469 ··

96 519 202 582 erudit
219 519 361 583 admotas
378 519 447 604 ipse
465 518 596 603 capillus
614 519 710 582 acus’
1090 542 1123 591 30

51 604 212 669 formosae
229 604 349 688 periere
367 625 490 680 comae,
509 625 588 686 quas
606 604 700 668 vellet
716 603 845 686 Apollo,

96 710 177 772 quas
194 690 289 753 vellet
307 689 401 773 capiti
418 688 564 753 Bacchus
581 688 683 753 inesse
702 709 768 752 suo.

52 774 116 837 illis
134 774 333 849 contulerim,
351 795 430 856 quas
449 773 609 856 quondam
625 772 712 836 nuda
728 773 835 838 Dione

96 859 239 944 pingitur
255 859 375 922 umenti
394 859 577 922 sustinuisse
594 879 701 920 manu.

54 944 134 1026 quid
151 945 232 1008 male
249 943 416 1028 dispositos
434 943 573 1026 quereris
592 942 721 1027 periisse
738 942 886 1026 capillos?

97 1029 175 1112 quid
193 1029 357 1113 speculum
374 1040 493 1092 maesta
510 1027 615 1112 ponis,
633 1028 753 1112 inepta,
770 1028 885 1091 manu?

54 1134 119 1177 non
137 1113 218 1178 bene
235 1113 392 1178 consuetis
410 1123 477 1178 ate
496 1113 646 1198 spectaris
664 1112 785 1176 ocellis:

97 1209 134 1262 ut
150 1199 292 1282 placeas,
311 1198 407 1263 debes
424 1197 590 1261 immemor
607 1219 674 1261 esse
692 1197 748 1260 tui.

54 1305 119 1347 non
137 1295 169 1348 te
187 1294 330 1348 cantatae
347 1283 506 1347 laeserunt
521 1282 649 1366 paelicis
667 1281 793 1356 herbae,

98 1390 163 1432 non
181 1390 259 1432 anus
277 1367 455 1432 Haemonia
471 1367 591 1467 perfida
608 1367 685 1430 lavit
702 1387 795 1448 aqua,

54 1475 114 1519 nec
131 1453 190 1516 tibi
206 1453 254 1517 vis
272 1452 374 1516 morbi
390 1463 498 1516 nocurt
515 1451 639 1536 (procul
655 1472 748 1516 omen
767 1452 899 1536 abesto),

97 1561 157 1604 nec
174 1537 288 1602 minuit
304 1538 418 1603 densas
435 1537 543 1600 invida
559 1536 668 1622 lingua
685 1557 805 1600 comas:

56 1623 140 1688 facta
158 1646 254 1687 manu
272 1624 428 1707 culpaque
446 1633 501 1685 tua
518 1621 683 1707 dispendia
700 1621 807 1697 sentis,

97 1709 167 1794 ipsa
185 1708 284 1772 dabas
302 1707 398 1792 capiti
415 1708 513 1771 mixta
530 1729 652 1772 venena
668 1718 733 1770 tuo.

56 1817 141 1858 nunc
157 1794 216 1857 tibi
233 1793 375 1878 captivos
392 1792 494 1857 mittet
513 1790 685 1856 Germania
703 1791 819 1856 crines:

99 1889 168 1944 tuta
186 1877 395 1963 triumphatae
412 1899 542 1942 munere
559 1878 662 1963 gentis
681 1877 751 1942 eris.

57 1986 76 2028 0
93 1986 190 2048 quam
208 1985 302 2048 saepe
320 1985 426 2028 comas
444 1962 549 2046 aliquo
567 1962 700 2027 mirante
716 1961 855 2038 rubebis,

98 2062 131 2115 et
148 2049 234 2114 dices
253 2055 374 2134 ‘empta
391 2069 476 2112 nunc
493 2070 553 2133 ego
571 2069 674 2113 merce
692 2047 817 2133 probor.

56 2135 163 2200 nescio
181 2155 278 2217 quam
294 2156 351 2218 pro
368 2156 420 2198 me
436 2133 546 2197 laudat
561 2155 646 2197 nunc
663 2133 723 2198 iste
741 2131 968 2218 Sygambram:

98 2220 185 2284 fama
202 2230 308 2284 tamen
325 2218 454 2284 memini
471 2241 544 2283 cum
561 2218 622 2283 fuit
637 2219 699 2282 ista
715 2219 806 2283 mea'

57 2328 108 2371 me
126 2303 290 2369 miseruml
315 2304 461 2368 lacrimas
479 2304 561 2369 male
578 2303 731 2379 continet,
749 2325 867 2387 oraque
884 2304 994 2369 dextra

98 2389 250 2476 protegit,
268 2389 422 2476 ingenuas
438 2388 524 2474 picta
540 2389 655 2453 rubore
672 2410 780 2474 genas.

58 2476 191 2540 sustinet
208 2475 354 2558 antiquos
370 2474 491 2560 gremio
509 2486 693 2559 spectatque
710 2473 850 2559 capillos,

100 2562 130 2627 ei
147 2559 239 2637 mihi,
257 2581 321 2624 non
338 2560 392 2625 illo
410 2581 542 2623 munera
559 2559 656 2645 digna
672 2560 751 2624 loco.

59 2646 171 2732 collige
189 2668 262 2710 cum
279 2645 367 2710 vultu
385 2644 536 2710 mentem!
562 2644 738 2730 reparabile
756 2644 907 2709 damnum
925 2655 982 2710 est.

100 2729 267 2817 postmodo
285 2732 393 2795 nativa
410 2730 601 2814 conspiciere
619 2750 716 2794 coma.

527 2883 606 2950 XV.

61 2985 147 3068 Quid
164 2986 256 3063 mihi,
275 2987 355 3050 livor
372 2987 467 3063 edax,
486 2987 617 3072 ignavos
635 2985 734 3050 obicis
752 3008 850 3050 annos

99 3071 281 3158 ingeniique
298 3094 394 3136 vocas
412 3094 538 3136 carmen
555 3072 662 3136 inertis
680 3071 779 3156 opus?

59 3178 122 3221 non
138 3179 190 3221 me
207 3178 295 3221 more
312 3167 453 3256 patrum,
472 3158 547 3220 dum
565 3170 691 3221 strenua
709 3157 841 3222 sustinet
858 3168 955 3235 aetas,

100 3241 241 3328 praemia
258 3241 387 3307 militiae
404 3242 623 3327 pulverulenta
640 3242 740 3326 sequi,

60 3349 118 3392 nec
134 3348 187 3392 me
203 3326 352 3391 verbosas
369 3326 456 3412 leges
474 3327 628 3403 ediscere,
646 3348 705 3392 nec
722 3349 774 3392 me

99 3413 226 3498 ingrato
243 3433 354 3477 vocem
371 3411 566 3497 prostituisse
583 3411 672 3476 foro?

61 3497 191 3562 mortale
208 3506 270 3573 est,
289 3498 374 3580 quod
391 3497 529 3580 quaeris,
548 3518 640 3582 opus:
659 3498 736 3562 mihi
752 3498 839 3562 fama
855 3499 999 3584 perennis

101 3582 274 3667 quaeritur,
291 3583 325 3646 in
342 3594 407 3647 toto
426 3605 549 3666 semper
565 3593 601 3646 ut
619 3583 694 3647 orbe
712 3605 816 3647 canar.

61 3667 146 3734 vivet
161 3667 364 3742 Maeonides,
382 3668 529 3732 Tenedos
547 3668 623 3731 dum
641 3667 736 3731 stabit
753 3678 785 3732 et
801 3668 869 3745 Ide,

102 3753 181 3818 dum
196 3753 322 3838 rapidas
341 3751 457 3818 Simois
475 3753 508 3816 in
524 3775 610 3817 mare
627 3753 733 3817 volvet
750 3773 858 3835 aquas.

62 3839 147 3905 vivet
164 3852 194 3902 et
213 3839 388 3913 Ascraeus,
407 3837 482 3900 dum
499 3836 610 3902 mustis
627 3859 692 3901 uva
709 3837 851 3912 tumebit,

103 3924 181 3989 dum
198 3920 290 3986 cadet
306 3922 437 3987 incurva
453 3921 534 3988 falce
552 3935 673 3986 resecta
690 3944 788 3988 ceres.

64 4005 227 4074 Battiades
245 4029 368 4092 semper
384 4017 450 4071 toto
468 4007 645 4072 cantabitur
662 4008 753 4072 orbe:

103 4091 249 4178 quamvis
266 4093 393 4178 ingenio
410 4113 475 4156 non
491 4093 588 4169 valet,
607 4103 673 4158 arte
691 4093 783 4158 valet.

112 4192 244 4239 aaran
891 4194 908 4252 ⁷
