2604 4974
291 322 550 381 REMEDIORUM
566 321 710 379 AMORIS
727 322 856 378 80—167.
1020 306 1081 372 199

103 445 223 530 respuit
240 456 335 528 atque
353 447 426 512 odio
444 447 542 511 verba
558 445 714 510 monentis
733 444 838 510 habat.

61 530 228 614 adgrediar
245 531 357 596 melius
375 547 457 609 tum,
475 553 548 596 oum
566 554 625 596 sua
641 531 773 594 vulnera
789 530 878 615 tangi
1101 550 1148 598 125

103 616 165 679 iam
185 617 264 680 sinet
282 628 313 682 et
331 618 413 682 veris
432 618 563 682 vocibus
581 629 674 701 aptus
692 615 760 681 erit.

61 702 131 783 quis
150 718 296 775 matrem,
315 702 375 766 nisi
392 704 505 767 mentis
523 703 629 787 inops,
646 701 679 765 in
697 701 807 766 funere
825 700 891 765 nati

103 787 178 851 flere
197 789 300 851 vetet?
326 810 388 852 non
408 789 467 853 hoc
485 789 539 852 illa
556 787 714 851 monenda
730 787 799 851 loco
818 799 874 851 est.

62 894 132 936 cum
151 871 271 936 dederit
288 873 433 938 lacrimas
452 874 654 956 animumque
672 872 850 957 impleverit
866 893 1008 957 aegrum,

103 957 155 1022 ille
173 958 262 1021 dolor
279 958 383 1023 verbis
402 959 631 1024 emoderandus
649 958 717 1023 erit.

62 1042 211 1127 temporis
229 1066 280 1107 ars
297 1044 454 1108 medicina
471 1044 538 1110 fere
556 1055 613 1109 est.
658 1044 732 1108 data
748 1053 890 1128 tempore
907 1053 1040 1128 prosunt

106 1141 136 1192 et
154 1129 228 1192 data
245 1151 308 1192 non
327 1141 401 1214 apto
419 1142 559 1231 tempore
578 1130 652 1193 vina
668 1140 793 1194 nocent.

62 1214 138 1295 quin
157 1213 250 1278 etiam
269 1215 423 1279 accendas
441 1216 519 1280 vitra
535 1215 707 1298 inritesque
724 1214 871 1291 vetando,

104 1299 298 1384 temporibus
316 1300 424 1365 sinon
441 1301 627 1387 adgrediare
645 1301 720 1364 suis.
738 1335 782 1347 ·-

62 1406 138 1470 ergo
157 1384 212 1447 ubi
229 1384 316 1449 visus
334 1386 395 1450 eris
412 1398 537 1452 nostrae
555 1386 749 1450 medicabilis
767 1385 836 1462 arti,

105 1471 157 1535 fac
174 1470 300 1534 monitis
319 1470 424 1556 fugias
442 1472 506 1536 otia
523 1473 625 1556 prima
642 1471 730 1535 meis.

61 1555 155 1631 haec,
173 1566 209 1619 ut
226 1578 328 1632 ames,
347 1557 481 1621 faciunt:
500 1556 594 1632 haec,
611 1568 648 1621 ut
664 1555 783 1633 fecere,
802 1567 945 1623 tuentur:

105 1641 183 1705 haec
201 1657 274 1705 sunt
291 1641 421 1706 iucundi
438 1665 534 1707 causa
552 1643 705 1726 cibusque
723 1642 807 1706 mali.

62 1727 126 1790 otia
144 1727 170 1790 si
187 1727 294 1803 tollas,
312 1728 432 1811 periere
451 1725 618 1813 Cupidinis
636 1750 739 1804 arcus,

105 1826 365 1897 contemptaeque
383 1813 486 1878 iacent
503 1825 535 1879 et
552 1815 619 1878 sine
636 1814 707 1878 luce
724 1814 821 1878 faces.

63 1918 158 1982 quam
176 1899 322 1982 platanus
340 1899 414 1963 vino
431 1898 563 1985 gaudet,
582 1921 678 1982 quam
695 1899 831 1985 populus
849 1898 946 1976 unda,

105 1996 136 2048 et
154 2005 249 2066 quam
266 1983 379 2049 limosa
396 2006 499 2050 canna
514 1983 662 2069 palustris
680 1983 789 2061 humo,

63 2081 129 2132 tam
147 2070 257 2135 Venus
276 2070 340 2134 otia
357 2082 451 2135 amat.
494 2070 551 2154 qui
569 2070 664 2135 finem
682 2071 809 2152 quaeris
826 2069 951 2148 amoris,
968 2105 1013 2116 -—

106 2155 189 2219 cedit
206 2176 294 2219 amor
311 2156 406 2220 rebus
422 2191 465 2202 —
482 2178 533 2220 res
550 2178 624 2240 age:
643 2166 731 2219 tutus
749 2156 819 2220 eris.

62 2241 197 2325 languor
213 2251 244 2304 et
261 2240 410 2305 inmodici
427 2241 486 2305 sub
503 2241 590 2304 nullo
609 2241 734 2305 vindice
750 2241 854 2305 somni

105 2327 236 2409 alesque
255 2339 285 2390 et
303 2327 401 2390 multo
419 2337 562 2410 tempora
579 2347 695 2409 quassa
711 2348 798 2391 mero

63 2411 200 2497 eripiunt
217 2433 326 2475 omnes
344 2411 449 2476 animo
467 2411 535 2477 sine
552 2412 682 2477 vulnere
699 2432 823 2477 nervos.

106 2497 217 2561 adfluit
232 2497 368 2562 incautis
385 2496 554 2561 insidiosus
572 2498 684 2560 Amor.

63 2582 216 2646 desidiam
233 2604 313 2667 puer
330 2583 382 2646 ille
400 2583 488 2665 sequi
507 2582 601 2658 solet,
620 2582 687 2647 odit
704 2593 845 2667 agentes.

106 2668 147 2732 da
163 2690 283 2732 vacuae
300 2668 412 2744 menti,
431 2690 494 2751 quo
512 2679 665 2744 teneatur,
683 2690 773 2752 opus.

63 2764 136 2817 sunt
153 2754 236 2829 fora,
254 2767 328 2818 sunt
344 2754 447 2839 leges,
466 2765 553 2830 sunt,
571 2775 651 2836 quos
669 2753 795 2828 tuearis,
814 2751 921 2817 amici:

105 2838 186 2902 vade
204 2862 260 2924 per
277 2839 418 2904 urbanae
436 2839 600 2925 splendida
618 2851 720 2904 castra
737 2849 840 2924 togae.

63 2925 114 2988 vel
132 2939 167 2988 tn
185 2925 351 3010 sanguinei
368 2925 526 2990 iuvenalia
543 2948 675 2989 munera
693 2925 807 2989 Martis

106 3010 245 3095 suscipe:
265 3010 396 3076 deliciae
413 3013 477 3076 iam
494 3010 551 3075 tibi
569 3023 660 3096 terga
677 3010 807 3074 dabunt.

65 3094 256 3180 ecce-fugax
272 3096 425 3173 Parthus,
443 3120 475 3160 m
541 3097 548 3112 '
568 3119 652 3160 nova
669 3119 765 3161 causa
782 3095 942 3180 triumphi,

105 3180 168 3244 iam
187 3181 321 3245 videtin
340 3183 458 3267 campis
477 3120 624 3247 &bacris
642 3204 731 3246 arma
747 3181 822 3246 suis.

63 3265 154 3330 vince
173 3263 367 3350 Cupidineas
385 3268 502 3352 pariter
518 3267 718 3350 Parthasque
736 3268 867 3353 sagittas

106 3363 138 3416 et
155 3353 238 3416 refer
255 3353 296 3416 ad
313 3355 430 3436 patrios
448 3353 524 3418 bina
540 3364 670 3438 tropaea
687 3352 778 3418 deosl

63 3448 100 3501 ut
117 3439 214 3502 semel
232 3437 348 3502 Aetola
366 3438 476 3504 Venus
494 3450 543 3503 est
560 3462 579 3502 a
596 3438 727 3522 cuspide
744 3437 839 3514 laesa,

107 3522 237 3586 mandat
254 3522 385 3586 amatori
403 3523 486 3588 bella
502 3522 642 3609 gerenda
660 3545 727 3587 suo.

64 3607 228 3693 quaeritis,
247 3607 422 3693 Aegisthus
440 3630 537 3692 quare
555 3609 596 3672 sit
612 3608 716 3672 factus
734 3606 874 3673 adulteri

107 3694 140 3757 in
157 3705 305 3778 promptu
323 3715 419 3757 causa
436 3704 498 3758 ests
517 3693 692 3759 desidiosus
710 3703 787 3759 erat.

64 3778 251 3866 pugnabant
268 3778 321 3842 alii
338 3777 435 3842 tardis
453 3779 539 3864 apud
556 3779 638 3842 Ilion
656 3779 766 3855 armis3

107 3864 308 3928 transtulerat
327 3863 408 3928 vires
428 3861 564 3929 Graecia
582 3875 649 3928 tota
666 3887 749 3928 suas.

65 3950 132 4014 sive
150 3971 280 4035 operam
296 3949 387 4014 bellis
404 3950 498 4015 vellet
514 3952 605 4026 dare,
622 3950 710 4013 nulla
726 3948 872 4035 gerebat:

110 4035 176 4101 sive
193 4035 278 4112 foro,
296 4056 432 4099 vacuum
449 4036 556 4101 litibus
573 4037 680 4120 Argos
699 4047 775 4098 erat.

66 4121 152 4206 quod
167 4121 284 4209 potuit,
300 4143 342 4186 ne
359 4121 404 4186 nil
420 4121 485 4188 illic
503 4133 671 4212 ageretur:
687 4119 827 4186 amam„
