2604 4974
226 290 428 350 HEROIDUM
444 291 552 350 XVIII.
572 292 715 348 148—210.
732 291 812 347 XIX.
831 295 923 351 1-23.
1041 281 1084 387 13

107 415 215 481 nescio
233 415 310 499 quid
326 414 477 500 pavidum
494 415 611 499 frigore
629 427 740 501 pectus
757 415 862 481 habet.

64 523 124 566 nee
140 500 246 565 minus
264 500 429 566 hesternae
447 500 623 564 confundor
640 501 778 586 imagine
795 502 906 579 noctis,

107 586 253 671 quamvis
272 596 320 650 est
336 587 433 650 sacris
450 585 505 649 illa
521 586 608 670 piata
623 586 712 650 meis.

63 693 203 756 namque
221 671 282 735 sub
299 693 425 745 aurora,
443 671 507 734 iam
525 671 712 735 dormitante
729 671 867 747 lucerna,

108 757 311 841 somniaque
329 756 414 820 cerni
432 768 572 840 tempore
590 778 665 819 vcra
682 756 793 831 solent,

65 842 201 907 stamina
219 842 258 906 de
277 841 383 926 digitis
401 841 542 905 cecidere
560 862 672 925 sopore
689 841 838 917 remissis,

108 927 253 1011 collaque
270 927 400 1010 pulvino
417 937 525 990 nostra
542 926 672 990 ferenda
690 925 772 990 dedi.

64 1013 117 1077 hle
135 1034 196 1098 ego
215 1023 362 1076 ventosas
379 1023 508 1075 nantem
526 1011 674 1095 delphina
690 1033 747 1095 per
764 1011 864 1074 undas

108 1120 237 1162 cernere
255 1119 318 1161 non
336 1095 433 1160 dubia
450 1119 521 1159 sum
538 1096 616 1159 mihi
632 1095 701 1159 visa
718 1096 795 1161 fide:

65 1204 162 1267 quem
180 1194 348 1268 postquam
366 1181 481 1245 bibulis
498 1180 596 1244 inlisit
611 1181 727 1245 fluctus
745 1180 880 1257 harenis,

108 1268 200 1333 unda
214 1267 307 1331 simul
324 1267 475 1330 miserum
492 1266 620 1349 vitaque
638 1266 785 1330 deseruit.

65 1353 218 1436 quicquid
235 1352 268 1415 id
285 1364 347 1428 est,
365 1352 470 1416 timeo.
513 1373 573 1415 nec
590 1362 624 1415 tu
641 1373 714 1415 mea
731 1351 852 1415 somnia
869 1351 947 1428 ride,

108 1460 168 1502 nec
185 1437 247 1501 nisi
263 1437 432 1520 tranquillo
450 1436 597 1501 bracchia
615 1437 708 1501 crede
724 1438 814 1500 mari.

66 1523 94 1586 si
110 1523 169 1587 tibi
186 1544 251 1586 non
266 1523 386 1607 parcis,
404 1522 537 1586 dilectae
554 1543 648 1606 parce
665 1522 799 1606 puellae,

108 1629 193 1690 quae
210 1629 383 1691 numquam
400 1607 460 1670 nisi
478 1619 509 1671 te
527 1607 643 1691 sospite
661 1629 769 1707 sospes
787 1629 851 1671 ero.

65 1715 139 1778 spes
157 1704 264 1757 tamen
280 1703 329 1757 est
345 1692 453 1756 fractis
471 1692 592 1757 vicinae
610 1691 697 1776 pacis
713 1715 748 1755 m
765 1692 873 1756 undis:

108 1789 178 1842 tum
194 1777 335 1863 placidas
353 1788 420 1842 tuto
438 1789 564 1861 pectore
580 1776 665 1842 finde
683 1777 760 1841 vias.

65 1863 200 1940 interea,
220 1862 369 1946 quoniam
386 1862 474 1926 nanti
491 1861 573 1926 freta
590 1862 699 1946 pervia
716 1883 779 1927 non
797 1881 880 1939 sunt,

108 1948 206 2014 leniat
223 1948 341 2012 invisas
357 1948 460 2011 littera
476 1947 573 2011 missa
589 1969 705 2012 moras.
1102 1972 1152 2021 210

527 2100 629 2166 XIX.

65 2205 157 2269 Pone
174 2202 308 2270 metuml
335 2203 412 2267 nihil
430 2204 482 2267 hic
498 2204 611 2268 iterum
628 2204 747 2268 iurabis
765 2204 897 2268 amanti:
1016 2223 1141 2274 Acontius

108 2289 296 2375 promissam
313 2290 389 2353 satis
406 2303 454 2353 est
471 2301 502 2354 te
520 2290 617 2354 semel
634 2312 703 2354 esse
721 2289 807 2352 mihi.
1014 2291 1151 2359 Cydippae.

66 2374 210 2462 perlege!
238 2375 380 2439 discedat
397 2375 442 2438 sic
459 2396 589 2459 corpore
606 2375 742 2460 languor
759 2375 800 2438 ab
818 2374 887 2450 isto,

109 2461 164 2544 qui
181 2483 271 2524 meus
289 2470 336 2525 est
353 2461 418 2523 ulla
436 2471 525 2544 parte
543 2460 666 2524 dolente
685 2460 783 2524 dolor.

66 2545 145 2629 quid
160 2545 264 2630 pudor
280 2555 353 2609 ante
370 2545 473 2609 subit?
498 2568 586 2622 nam,
604 2544 686 2609 sicut
702 2545 734 2608 in
753 2545 830 2609 aede
848 2544 981 2622 Dianae,
1101 2568 1116 2614 5

110 2630 254 2716 suspicor
268 2629 424 2715 ingenuas
442 2629 603 2695 erubuisse
620 2653 730 2714 genas.

68 2716 251 2801 coniugium
268 2727 458 2801 pactamque
475 2715 585 2792 fidem,
602 2736 666 2779 non
684 2714 814 2778 crimina
832 2736 936 2799 posco.

110 2801 236 2866 debitus
253 2813 289 2864 ut
306 2801 457 2876 coniunx,
475 2822 539 2864 non
556 2811 593 2864 ut
610 2800 733 2864 adulter
750 2821 831 2862 amo.

68 2886 166 2951 verba
182 2886 255 2951 licet
271 2897 412 2971 repetas,
431 2907 513 2969 quae
532 2887 678 2970 demptus
696 2885 736 2948 ab
755 2885 866 2950 arbore
884 2883 968 2949 fetus

109 2971 239 3056 pertulit
255 2971 296 3035 ad
314 2982 416 3035 castas
433 2994 484 3036 me
502 2971 634 3036 iaciente
651 2993 774 3034 manus.
1103 2992 1134 3041 10

68 3056 209 3122 invenies
226 3056 290 3121 illio
307 3057 340 3120 id
357 3068 388 3120 te
406 3057 574 3141 spondere,
592 3056 677 3138 quod
695 3066 769 3140 opto

110 3154 142 3207 te
159 3142 279 3227 potius,
297 3142 401 3226 virgo,
420 3163 515 3224 quam
533 3140 711 3205 meminisse
730 3141 831 3205 deam.

68 3223 153 3292 nunc
170 3248 297 3311 quoque
313 3227 398 3291 idem
416 3227 521 3291 timeo.
565 3226 722 3291 sedidem
739 3239 845 3291 tamen
862 3225 964 3291 acrius
981 3226 1060 3291 illud

111 3311 287 3398 adsumpsit
304 3313 401 3388 vires,
419 3324 574 3396 auctaque
591 3312 719 3377 flamma
735 3333 823 3375 mora
841 3324 897 3376 cst.

68 3397 186 3482 quique
203 3397 265 3462 fuit
280 3419 454 3481 numquam
470 3420 602 3481 parvus,
620 3417 705 3460 nunc
723 3407 863 3481 tempore
880 3398 976 3481 longo
1101 3419 1132 3466 15

111 3494 143 3547 et
160 3505 231 3568 spe,
249 3503 345 3565 quam
363 3483 494 3548 dederas
512 3494 547 3546 tu
564 3480 657 3557 mihi,
676 3482 774 3545 crevit
791 3503 888 3546 amor.

70 3590 160 3654 spem
176 3567 254 3632 mihi
269 3578 305 3632 tu
323 3567 464 3632 dederas.
507 3590 596 3632 meus
614 3567 665 3630 hic
683 3567 740 3630 tibi
758 3566 890 3630 credidit
907 3566 1014 3631 ardore

110 3675 176 3717 non
192 3664 282 3738 potes
299 3653 359 3716 hoc
376 3653 495 3717 factum
512 3665 592 3718 teste
609 3674 726 3736 negare
744 3652 813 3715 dea.

68 3739 172 3804 adfuit
188 3749 220 3803 et
236 3760 400 3823 praesens,
417 3749 453 3802 ut
471 3751 553 3814 erat,
571 3749 626 3801 tua
643 3736 740 3800 verba
757 3735 877 3800 notavit

111 3835 143 3888 et
161 3823 229 3887 visa
245 3835 294 3888 est
309 3836 398 3889 mota
414 3824 498 3888 dicta
516 3823 624 3889 tulisse
642 3843 742 3884 coma.

68 3910 234 3994 deceptum
251 3909 338 3974 dicas
355 3919 463 3973 nostra
480 3920 510 3974 te
528 3908 639 3973 fraude
656 3905 773 3982 licebit,

111 3995 189 4060 dum
206 3992 327 4058 fraudis
344 4005 469 4058 nostrae
487 4016 583 4057 causa
600 3992 719 4056 feratur
736 4013 833 4055 amor.

66 4079 156 4150 fraus
173 4102 246 4144 mea
262 4080 339 4164 quid
355 4079 457 4167 petiit,
475 4079 536 4142 nisi
553 4077 599 4142 uti
616 4076 674 4140 tibi
691 4076 838 4163 iungeret
854 4076 928 4145 uni?
