<?xml version="1.0" encoding="UTF-8"?>
<!DOCTYPE html PUBLIC "-//W3C//DTD XHTML 1.0 Transitional//EN"
    "http://www.w3.org/TR/xhtml1/DTD/xhtml1-transitional.dtd">
<html xmlns="http://www.w3.org/1999/xhtml" xml:lang="en" lang="en">
 <head>
  <title>
</title>
<meta http-equiv="Content-Type" content="text/html;charset=utf-8" />
  <meta name='ocr-system' content='tesseract 3.04.00' />
  <meta name='ocr-capabilities' content='ocr_page ocr_carea ocr_par ocr_line ocrx_word'/>
</head>
<body>
  <div class='ocr_page' id='page_1' title='image "./carmina04ovidgoog_0129.png"; bbox 0 0 2604 4974; ppageno 0'>
   <div class='ocr_carea' id='block_1_1' title="bbox 195 805 878 877">
    <p class='ocr_par' dir='ltr' id='par_1_1' title="bbox 195 805 878 877">
     <span class='ocr_line' id='line_1_1' title="bbox 195 805 878 877; baseline 0.006 -7"><span class='ocrx_word' id='word_1_1' title='bbox 195 805 256 870; x_wconf 85' lang='grc'>106</span> <span class='ocrx_word' id='word_1_2' title='bbox 534 820 567 875; x_wconf 92' lang='lat' dir='ltr'>P.</span> <span class='ocrx_word' id='word_1_3' title='bbox 588 820 698 877; x_wconf 88' lang='lat' dir='ltr'>OVIDI</span> <span class='ocrx_word' id='word_1_4' title='bbox 715 817 878 876; x_wconf 78' lang='lat' dir='ltr'>NASONIS</span> 
     </span>
    </p>
   </div>
   <div class='ocr_carea' id='block_1_2' title="bbox 129 941 1005 2121">
    <p class='ocr_par' dir='ltr' id='par_1_2' title="bbox 129 941 1005 2121">
     <span class='ocr_line' id='line_1_2' title="bbox 143 941 991 1028; baseline -0.006 -16"><span class='ocrx_word' id='word_1_5' title='bbox 143 941 176 1012; x_wconf 74' lang='lat' dir='ltr'>la</span> <span class='ocrx_word' id='word_1_6' title='bbox 193 943 314 1028; x_wconf 83' lang='lat' dir='ltr'>aspice,</span> <span class='ocrx_word' id='word_1_7' title='bbox 356 953 393 1007; x_wconf 87' lang='lat' dir='ltr'>ut</span> <span class='ocrx_word' id='word_1_8' title='bbox 410 943 531 1008; x_wconf 88' lang='lat' dir='ltr'>auritus</span> <span class='ocrx_word' id='word_1_9' title='bbox 549 944 747 1009; x_wconf 79' lang='lat' dir='ltr'><strong>miserandae</strong></span> <span class='ocrx_word' id='word_1_10' title='bbox 765 943 857 1008; x_wconf 90' lang='lat' dir='ltr'>sortis</span> <span class='ocrx_word' id='word_1_11' title='bbox 876 944 991 1008; x_wconf 86' lang='lat' dir='ltr'>asellus</span> 
     </span>
     <span class='ocr_line' id='line_1_3' title="bbox 237 1029 873 1095; baseline -0.002 -2"><span class='ocrx_word' id='word_1_12' title='bbox 237 1029 368 1094; x_wconf 90' lang='lat' dir='ltr'>adsiduo</span> <span class='ocrx_word' id='word_1_13' title='bbox 387 1030 524 1093; x_wconf 91' lang='lat' dir='ltr'>domitus</span> <span class='ocrx_word' id='word_1_14' title='bbox 542 1031 673 1095; x_wconf 87' lang='lat' dir='ltr'>verbere</span> <span class='ocrx_word' id='word_1_15' title='bbox 690 1031 795 1094; x_wconf 85' lang='lat' dir='ltr'>lentus</span> <span class='ocrx_word' id='word_1_16' title='bbox 813 1039 873 1093; x_wconf 88' lang='lat' dir='ltr'>eat.</span> 
     </span>
     <span class='ocr_line' id='line_1_4' title="bbox 195 1111 987 1198; baseline -0.003 -18"><span class='ocrx_word' id='word_1_17' title='bbox 195 1136 268 1180; x_wconf 90' lang='lat' dir='ltr'>ecoe</span> <span class='ocrx_word' id='word_1_18' title='bbox 286 1137 406 1179; x_wconf 88' lang='lat' dir='ltr'>novum</span> <span class='ocrx_word' id='word_1_19' title='bbox 425 1114 557 1180; x_wconf 84' lang='lat' dir='ltr'><strong>crimen:</strong></span> <span class='ocrx_word' id='word_1_20' title='bbox 576 1117 686 1180; x_wconf 88' lang='lat' dir='ltr'>sollers</span> <span class='ocrx_word' id='word_1_21' title='bbox 704 1137 816 1179; x_wconf 87' lang='lat' dir='ltr'>ornare</span> <span class='ocrx_word' id='word_1_22' title='bbox 835 1111 987 1198; x_wconf 80' lang='lat' dir='ltr'>Cypassis</span> 
     </span>
     <span class='ocr_line' id='line_1_5' title="bbox 237 1200 916 1266; baseline -0.001 -2"><span class='ocrx_word' id='word_1_23' title='bbox 237 1200 373 1264; x_wconf 89' lang='lat' dir='ltr'>obicitur</span> <span class='ocrx_word' id='word_1_24' title='bbox 391 1200 537 1265; x_wconf 88' lang='lat' dir='ltr'>dominae</span> <span class='ocrx_word' id='word_1_25' title='bbox 555 1215 784 1266; x_wconf 83' lang='lat' dir='ltr'>contemerasse</span> <span class='ocrx_word' id='word_1_26' title='bbox 803 1213 916 1264; x_wconf 87' lang='lat' dir='ltr'>torum.</span> 
     </span>
     <span class='ocr_line' id='line_1_6' title="bbox 195 1285 966 1372; baseline -0.004 -22"><span class='ocrx_word' id='word_1_27' title='bbox 195 1285 227 1350; x_wconf 91' lang='lat' dir='ltr'>di</span> <span class='ocrx_word' id='word_1_28' title='bbox 244 1287 371 1362; x_wconf 91' lang='lat' dir='ltr'>melius,</span> <span class='ocrx_word' id='word_1_29' title='bbox 391 1306 488 1368; x_wconf 89' lang='lat' dir='ltr'>quam</span> <span class='ocrx_word' id='word_1_30' title='bbox 504 1310 570 1362; x_wconf 88' lang='lat' dir='ltr'>me,</span> <span class='ocrx_word' id='word_1_31' title='bbox 589 1287 616 1350; x_wconf 90' lang='lat' dir='ltr'>si</span> <span class='ocrx_word' id='word_1_32' title='bbox 633 1287 674 1351; x_wconf 89' lang='lat' dir='ltr'>sit</span> <span class='ocrx_word' id='word_1_33' title='bbox 690 1308 839 1372; x_wconf 74' lang='lat' dir='ltr'>peccasse</span> <span class='ocrx_word' id='word_1_34' title='bbox 857 1285 966 1359; x_wconf 90' lang='lat' dir='ltr'>libido,</span> 
     </span>
     <span class='ocr_line' id='line_1_7' title="bbox 129 1370 929 1456; baseline -0.006 -17"><span class='ocrx_word' id='word_1_35' title='bbox 129 1383 177 1439; x_wconf 79' lang='lat'>&#39;20</span> <span class='ocrx_word' id='word_1_36' title='bbox 237 1372 364 1436; x_wconf 85' lang='lat' dir='ltr'>sordida</span> <span class='ocrx_word' id='word_1_37' title='bbox 382 1384 581 1456; x_wconf 85' lang='lat' dir='ltr'>contemptae</span> <span class='ocrx_word' id='word_1_38' title='bbox 599 1372 691 1436; x_wconf 91' lang='lat' dir='ltr'>sortis</span> <span class='ocrx_word' id='word_1_39' title='bbox 709 1372 812 1435; x_wconf 88' lang='lat' dir='ltr'>amica</span> <span class='ocrx_word' id='word_1_40' title='bbox 828 1370 929 1435; x_wconf 90' lang='lat' dir='ltr'>iuvetl</span> 
     </span>
     <span class='ocr_line' id='line_1_8' title="bbox 194 1456 921 1540; baseline -0.003 -20"><span class='ocrx_word' id='word_1_41' title='bbox 194 1458 264 1540; x_wconf 92' lang='lat' dir='ltr'>quis</span> <span class='ocrx_word' id='word_1_42' title='bbox 282 1457 417 1523; x_wconf 89' lang='lat' dir='ltr'>Veneris</span> <span class='ocrx_word' id='word_1_43' title='bbox 435 1458 573 1522; x_wconf 87' lang='lat' dir='ltr'>famulae</span> <span class='ocrx_word' id='word_1_44' title='bbox 592 1456 728 1521; x_wconf 87' lang='lat' dir='ltr'>conubia</span> <span class='ocrx_word' id='word_1_45' title='bbox 745 1457 825 1520; x_wconf 88' lang='lat' dir='ltr'>liber</span> <span class='ocrx_word' id='word_1_46' title='bbox 842 1457 921 1520; x_wconf 90' lang='lat' dir='ltr'>inire</span> 
     </span>
     <span class='ocr_line' id='line_1_9' title="bbox 237 1542 929 1628; baseline -0.001 -23"><span class='ocrx_word' id='word_1_47' title='bbox 237 1553 390 1628; x_wconf 84' lang='lat' dir='ltr'>tergaque</span> <span class='ocrx_word' id='word_1_48' title='bbox 409 1543 565 1627; x_wconf 87' lang='lat' dir='ltr'>conplecti</span> <span class='ocrx_word' id='word_1_49' title='bbox 582 1543 713 1607; x_wconf 82' lang='lat' dir='ltr'>verbere</span> <span class='ocrx_word' id='word_1_50' title='bbox 731 1556 817 1607; x_wconf 88' lang='lat' dir='ltr'>secta</span> <span class='ocrx_word' id='word_1_51' title='bbox 834 1542 929 1606; x_wconf 86' lang='lat' dir='ltr'>velit?</span> 
     </span>
     <span class='ocr_line' id='line_1_10' title="bbox 194 1626 968 1713; baseline -0.001 -22"><span class='ocrx_word' id='word_1_52' title='bbox 194 1628 276 1693; x_wconf 90' lang='lat' dir='ltr'>adde</span> <span class='ocrx_word' id='word_1_53' title='bbox 295 1630 379 1710; x_wconf 92' lang='lat' dir='ltr'>quod</span> <span class='ocrx_word' id='word_1_54' title='bbox 397 1628 546 1692; x_wconf 90' lang='lat' dir='ltr'>ornandis</span> <span class='ocrx_word' id='word_1_55' title='bbox 564 1628 618 1692; x_wconf 89' lang='lat' dir='ltr'>illa</span> <span class='ocrx_word' id='word_1_56' title='bbox 636 1639 683 1693; x_wconf 90' lang='lat' dir='ltr'>est</span> <span class='ocrx_word' id='word_1_57' title='bbox 701 1640 830 1713; x_wconf 89' lang='lat' dir='ltr'>operata</span> <span class='ocrx_word' id='word_1_58' title='bbox 846 1626 968 1712; x_wconf 83' lang='lat' dir='ltr'>capillis</span> 
     </span>
     <span class='ocr_line' id='line_1_11' title="bbox 237 1712 969 1799; baseline -0.004 -21"><span class='ocrx_word' id='word_1_59' title='bbox 237 1725 267 1778; x_wconf 91' lang='lat' dir='ltr'>et</span> <span class='ocrx_word' id='word_1_60' title='bbox 285 1713 343 1778; x_wconf 86' lang='lat' dir='ltr'>tibi</span> <span class='ocrx_word' id='word_1_61' title='bbox 360 1713 511 1798; x_wconf 91' lang='lat' dir='ltr'>perdocta</span> <span class='ocrx_word' id='word_1_62' title='bbox 529 1724 576 1778; x_wconf 91' lang='lat' dir='ltr'>est</span> <span class='ocrx_word' id='word_1_63' title='bbox 593 1724 685 1799; x_wconf 86' lang='lat' dir='ltr'>grata</span> <span class='ocrx_word' id='word_1_64' title='bbox 702 1712 845 1777; x_wconf 90' lang='lat' dir='ltr'>ministra</span> <span class='ocrx_word' id='word_1_65' title='bbox 863 1735 969 1776; x_wconf 90' lang='lat' dir='ltr'>manu.</span> 
     </span>
     <span class='ocr_line' id='line_1_12' title="bbox 145 1798 1005 1882; baseline -0.002 -17"><span class='ocrx_word' id='word_1_66' title='bbox 145 1816 176 1866; x_wconf 75' lang='lat'>25</span> <span class='ocrx_word' id='word_1_67' title='bbox 196 1799 315 1864; x_wconf 89' lang='lat' dir='ltr'>scilicet</span> <span class='ocrx_word' id='word_1_68' title='bbox 332 1799 492 1875; x_wconf 86' lang='lat' dir='ltr'>ancillam,</span> <span class='ocrx_word' id='word_1_69' title='bbox 512 1821 594 1882; x_wconf 87' lang='lat' dir='ltr'>quae</span> <span class='ocrx_word' id='word_1_70' title='bbox 612 1800 652 1864; x_wconf 92' lang='lat' dir='ltr'>sit</span> <span class='ocrx_word' id='word_1_71' title='bbox 669 1799 727 1862; x_wconf 91' lang='lat' dir='ltr'>tibi</span> <span class='ocrx_word' id='word_1_72' title='bbox 744 1798 822 1872; x_wconf 88' lang='lat' dir='ltr'>lida,</span> <span class='ocrx_word' id='word_1_73' title='bbox 841 1799 1005 1882; x_wconf 86' lang='lat' dir='ltr'>rogarem?</span> 
     </span>
     <span class='ocr_line' id='line_1_13' title="bbox 236 1884 978 1969; baseline -0.001 -21"><span class='ocrx_word' id='word_1_74' title='bbox 236 1885 327 1967; x_wconf 89' lang='lat' dir='ltr'>quid,</span> <span class='ocrx_word' id='word_1_75' title='bbox 344 1885 406 1948; x_wconf 91' lang='lat' dir='ltr'>nisi</span> <span class='ocrx_word' id='word_1_76' title='bbox 423 1898 459 1949; x_wconf 89' lang='lat' dir='ltr'>ut</span> <span class='ocrx_word' id='word_1_77' title='bbox 475 1885 592 1949; x_wconf 87' lang='lat' dir='ltr'>indicio</span> <span class='ocrx_word' id='word_1_78' title='bbox 610 1886 718 1949; x_wconf 88' lang='lat' dir='ltr'>iuncta</span> <span class='ocrx_word' id='word_1_79' title='bbox 736 1885 861 1969; x_wconf 89' lang='lat' dir='ltr'>repulsa</span> <span class='ocrx_word' id='word_1_80' title='bbox 878 1884 978 1949; x_wconf 84' lang='lat' dir='ltr'>foret?</span> 
     </span>
     <span class='ocr_line' id='line_1_14' title="bbox 193 1970 961 2056; baseline -0.005 -21"><span class='ocrx_word' id='word_1_81' title='bbox 193 1992 251 2056; x_wconf 91' lang='lat' dir='ltr'>per</span> <span class='ocrx_word' id='word_1_82' title='bbox 268 1971 428 2036; x_wconf 88' lang='lat' dir='ltr'>Venerem</span> <span class='ocrx_word' id='word_1_83' title='bbox 445 1971 514 2034; x_wconf 94' lang='lat' dir='ltr'>iuro</span> <span class='ocrx_word' id='word_1_84' title='bbox 532 1971 686 2055; x_wconf 87' lang='lat' dir='ltr'>puerique</span> <span class='ocrx_word' id='word_1_85' title='bbox 703 1970 839 2034; x_wconf 87' lang='lat' dir='ltr'>volatilis</span> <span class='ocrx_word' id='word_1_86' title='bbox 858 1990 961 2045; x_wconf 86' lang='lat' dir='ltr'>arcus,</span> 
     </span>
     <span class='ocr_line' id='line_1_15' title="bbox 236 2055 881 2121; baseline -0.003 -1"><span class='ocrx_word' id='word_1_87' title='bbox 236 2079 287 2121; x_wconf 92' lang='lat' dir='ltr'>me</span> <span class='ocrx_word' id='word_1_88' title='bbox 305 2078 368 2120; x_wconf 90' lang='lat' dir='ltr'>non</span> <span class='ocrx_word' id='word_1_89' title='bbox 387 2056 515 2120; x_wconf 87' lang='lat' dir='ltr'>admissi</span> <span class='ocrx_word' id='word_1_90' title='bbox 533 2057 672 2121; x_wconf 90' lang='lat' dir='ltr'>criminis</span> <span class='ocrx_word' id='word_1_91' title='bbox 691 2079 760 2121; x_wconf 89' lang='lat' dir='ltr'>esse</span> <span class='ocrx_word' id='word_1_92' title='bbox 778 2055 881 2119; x_wconf 89' lang='lat' dir='ltr'>reuml</span> 
     </span>
    </p>
   </div>
   <div class='ocr_carea' id='block_1_3' title="bbox 658 2211 753 2275">
    <p class='ocr_par' dir='ltr' id='par_1_3' title="bbox 658 2211 753 2275">
     <span class='ocr_line' id='line_1_16' title="bbox 658 2211 753 2275; baseline -0.021 0"><span class='ocrx_word' id='word_1_93' title='bbox 658 2211 753 2275; x_wconf 87' lang='lat' dir='ltr'>VlII.</span> 
     </span>
    </p>
   </div>
   <div class='ocr_carea' id='block_1_4' title="bbox 194 2311 944 2484">
    <p class='ocr_par' dir='ltr' id='par_1_4' title="bbox 194 2311 944 2484">
     <span class='ocr_line' id='line_1_17' title="bbox 194 2311 944 2397; baseline 0.001 -21"><span class='ocrx_word' id='word_1_94' title='bbox 194 2312 355 2377; x_wconf 88' lang='lat' dir='ltr'>Ponendis</span> <span class='ocrx_word' id='word_1_95' title='bbox 372 2313 406 2376; x_wconf 91' lang='lat' dir='ltr'>in</span> <span class='ocrx_word' id='word_1_96' title='bbox 422 2313 509 2377; x_wconf 87' lang='lat' dir='ltr'>mille</span> <span class='ocrx_word' id='word_1_97' title='bbox 527 2313 637 2377; x_wconf 89' lang='lat' dir='ltr'>modos</span> <span class='ocrx_word' id='word_1_98' title='bbox 655 2311 797 2397; x_wconf 85' lang='lat' dir='ltr'>perfecta</span> <span class='ocrx_word' id='word_1_99' title='bbox 814 2313 944 2397; x_wconf 89' lang='lat' dir='ltr'>capillis,</span> 
     </span>
     <span class='ocr_line' id='line_1_18' title="bbox 236 2395 941 2484; baseline 0 -22"><span class='ocrx_word' id='word_1_100' title='bbox 236 2419 360 2463; x_wconf 90' lang='lat' dir='ltr'>comere</span> <span class='ocrx_word' id='word_1_101' title='bbox 378 2399 435 2463; x_wconf 91' lang='lat' dir='ltr'>sed</span> <span class='ocrx_word' id='word_1_102' title='bbox 453 2399 535 2463; x_wconf 91' lang='lat' dir='ltr'>solas</span> <span class='ocrx_word' id='word_1_103' title='bbox 554 2399 665 2484; x_wconf 82' lang='lat' dir='ltr'>digna,</span> <span class='ocrx_word' id='word_1_104' title='bbox 685 2395 836 2482; x_wconf 82' lang='lat' dir='ltr'>Cypassi,</span> <span class='ocrx_word' id='word_1_105' title='bbox 855 2399 941 2474; x_wconf 87' lang='lat' dir='ltr'>deas,</span> 
     </span>
    </p>
   </div>
   <div class='ocr_carea' id='block_1_5' title="bbox 144 2483 1027 3341">
    <p class='ocr_par' dir='ltr' id='par_1_5' title="bbox 144 2483 1027 3341">
     <span class='ocr_line' id='line_1_19' title="bbox 195 2483 950 2568; baseline -0.001 -21"><span class='ocrx_word' id='word_1_106' title='bbox 195 2483 320 2547; x_wconf 90' lang='lat' dir='ltr'>etmihi</span> <span class='ocrx_word' id='word_1_107' title='bbox 338 2484 476 2548; x_wconf 88' lang='lat' dir='ltr'>iucundo</span> <span class='ocrx_word' id='word_1_108' title='bbox 495 2505 559 2547; x_wconf 90' lang='lat' dir='ltr'>non</span> <span class='ocrx_word' id='word_1_109' title='bbox 576 2484 694 2548; x_wconf 87' lang='lat' dir='ltr'>rustica</span> <span class='ocrx_word' id='word_1_110' title='bbox 712 2483 838 2568; x_wconf 86' lang='lat' dir='ltr'>cognita</span> <span class='ocrx_word' id='word_1_111' title='bbox 856 2484 950 2558; x_wconf 86' lang='lat' dir='ltr'>furto,</span> 
     </span>
     <span class='ocr_line' id='line_1_20' title="bbox 237 2566 1027 2654; baseline -0.001 -22"><span class='ocrx_word' id='word_1_112' title='bbox 237 2581 312 2653; x_wconf 90' lang='lat' dir='ltr'>apta</span> <span class='ocrx_word' id='word_1_113' title='bbox 329 2571 457 2652; x_wconf 91' lang='lat' dir='ltr'>quidem</span> <span class='ocrx_word' id='word_1_114' title='bbox 475 2570 635 2646; x_wconf 91' lang='lat' dir='ltr'>dominae,</span> <span class='ocrx_word' id='word_1_115' title='bbox 653 2569 709 2634; x_wconf 90' lang='lat' dir='ltr'>sed</span> <span class='ocrx_word' id='word_1_116' title='bbox 727 2569 829 2654; x_wconf 85' lang='lat' dir='ltr'>magis</span> <span class='ocrx_word' id='word_1_117' title='bbox 848 2592 867 2633; x_wconf 90' lang='lat' dir='ltr'>a</span> <span class='ocrx_word' id='word_1_118' title='bbox 889 2580 922 2632; x_wconf 92' lang='lat' dir='ltr'>ta</span> <span class='ocrx_word' id='word_1_119' title='bbox 938 2566 1027 2645; x_wconf 89' lang='lat' dir='ltr'>mihi,</span> 
     </span>
     <span class='ocr_line' id='line_1_21' title="bbox 160 2591 935 2740; baseline -0.005 -20"><span class='ocrx_word' id='word_1_120' title='bbox 160 2673 175 2720; x_wconf 77' lang='lat'>5</span> <span class='ocrx_word' id='word_1_121' title='bbox 194 2655 264 2738; x_wconf 90' lang='lat' dir='ltr'>quis</span> <span class='ocrx_word' id='word_1_122' title='bbox 282 2654 344 2718; x_wconf 85' lang='lat' dir='ltr'>fuit</span> <span class='ocrx_word' id='word_1_123' title='bbox 360 2655 442 2720; x_wconf 89' lang='lat' dir='ltr'>inter</span> <span class='ocrx_word' id='word_1_124' title='bbox 459 2676 517 2720; x_wconf 92' lang='lat' dir='ltr'>nos</span> <span class='ocrx_word' id='word_1_125' title='bbox 535 2655 644 2720; x_wconf 90' lang='lat' dir='ltr'>sociati</span> <span class='ocrx_word' id='word_1_126' title='bbox 662 2655 801 2740; x_wconf 90' lang='lat' dir='ltr'>corporis</span> <span class='ocrx_word' id='word_1_127' title='bbox 819 2591 935 2718; x_wconf 68' lang='lat' dir='ltr'>inddx?</span> 
     </span>
     <span class='ocr_line' id='line_1_22' title="bbox 236 2738 907 2806; baseline 0 -2"><span class='ocrx_word' id='word_1_128' title='bbox 236 2741 333 2805; x_wconf 91' lang='lat' dir='ltr'>sensit</span> <span class='ocrx_word' id='word_1_129' title='bbox 350 2742 536 2806; x_wconf 84' lang='lat' dir='ltr'>concubitus</span> <span class='ocrx_word' id='word_1_130' title='bbox 554 2741 639 2806; x_wconf 91' lang='lat' dir='ltr'>unde</span> <span class='ocrx_word' id='word_1_131' title='bbox 658 2738 799 2805; x_wconf 87' lang='lat' dir='ltr'>Corinna</span> <span class='ocrx_word' id='word_1_132' title='bbox 816 2740 907 2804; x_wconf 79' lang='lat' dir='ltr'>tuos?</span> 
     </span>
     <span class='ocr_line' id='line_1_23' title="bbox 193 2825 1011 2912; baseline -0.001 -22"><span class='ocrx_word' id='word_1_133' title='bbox 193 2849 271 2890; x_wconf 89' lang='lat' dir='ltr'>num</span> <span class='ocrx_word' id='word_1_134' title='bbox 289 2838 395 2892; x_wconf 89' lang='lat' dir='ltr'>tamen</span> <span class='ocrx_word' id='word_1_135' title='bbox 414 2827 541 2902; x_wconf 85' lang='lat' dir='ltr'>erubui,</span> <span class='ocrx_word' id='word_1_136' title='bbox 559 2851 637 2891; x_wconf 90' lang='lat' dir='ltr'>num</span> <span class='ocrx_word' id='word_1_137' title='bbox 654 2827 752 2892; x_wconf 81' lang='lat' dir='ltr'>verbo</span> <span class='ocrx_word' id='word_1_138' title='bbox 770 2828 877 2912; x_wconf 88' lang='lat' dir='ltr'>lapsus</span> <span class='ocrx_word' id='word_1_139' title='bbox 893 2827 927 2890; x_wconf 91' lang='lat' dir='ltr'>in</span> <span class='ocrx_word' id='word_1_140' title='bbox 945 2825 1011 2889; x_wconf 93' lang='lat' dir='ltr'>ullo</span> 
     </span>
     <span class='ocr_line' id='line_1_24' title="bbox 235 2912 886 2998; baseline -0.002 -22"><span class='ocrx_word' id='word_1_141' title='bbox 235 2912 371 2978; x_wconf 86' lang='lat' dir='ltr'>furtivae</span> <span class='ocrx_word' id='word_1_142' title='bbox 389 2913 524 2979; x_wconf 87' lang='lat' dir='ltr'>Veneris</span> <span class='ocrx_word' id='word_1_143' title='bbox 542 2914 668 2978; x_wconf 90' lang='lat' dir='ltr'>conscia</span> <span class='ocrx_word' id='word_1_144' title='bbox 685 2913 777 2998; x_wconf 85' lang='lat' dir='ltr'>signa</span> <span class='ocrx_word' id='word_1_145' title='bbox 794 2912 886 2976; x_wconf 88' lang='lat' dir='ltr'>dedi?</span> 
     </span>
     <span class='ocr_line' id='line_1_25' title="bbox 193 2996 1014 3083; baseline -0.001 -21"><span class='ocrx_word' id='word_1_146' title='bbox 193 2999 285 3081; x_wconf 88' lang='lat' dir='ltr'>quid,</span> <span class='ocrx_word' id='word_1_147' title='bbox 303 2998 389 3083; x_wconf 89' lang='lat' dir='ltr'>quod</span> <span class='ocrx_word' id='word_1_148' title='bbox 406 2998 439 3063; x_wconf 89' lang='lat' dir='ltr'>in</span> <span class='ocrx_word' id='word_1_149' title='bbox 457 2999 570 3064; x_wconf 90' lang='lat' dir='ltr'>ancilla</span> <span class='ocrx_word' id='word_1_150' title='bbox 588 3000 687 3082; x_wconf 89' lang='lat' dir='ltr'>siquis</span> <span class='ocrx_word' id='word_1_151' title='bbox 705 2998 887 3081; x_wconf 86' lang='lat' dir='ltr'>delinquere</span> <span class='ocrx_word' id='word_1_152' title='bbox 905 2996 1014 3083; x_wconf 89' lang='lat' dir='ltr'>possit,</span> 
     </span>
     <span class='ocr_line' id='line_1_26' title="bbox 144 3083 939 3170; baseline -0.006 -19"><span class='ocrx_word' id='word_1_153' title='bbox 144 3104 176 3151; x_wconf 90' lang='lat'>10</span> <span class='ocrx_word' id='word_1_154' title='bbox 236 3085 325 3149; x_wconf 90' lang='lat' dir='ltr'>illum</span> <span class='ocrx_word' id='word_1_155' title='bbox 344 3107 404 3170; x_wconf 86' lang='lat' dir='ltr'>ego</span> <span class='ocrx_word' id='word_1_156' title='bbox 423 3086 571 3150; x_wconf 86' lang='lat' dir='ltr'>contendi</span> <span class='ocrx_word' id='word_1_157' title='bbox 589 3097 693 3149; x_wconf 89' lang='lat' dir='ltr'>mente</span> <span class='ocrx_word' id='word_1_158' title='bbox 711 3106 819 3148; x_wconf 88' lang='lat' dir='ltr'>carere</span> <span class='ocrx_word' id='word_1_159' title='bbox 836 3083 939 3148; x_wconf 79' lang='lat' dir='ltr'>bona?</span> 
     </span>
     <span class='ocr_line' id='line_1_27' title="bbox 193 3169 901 3236; baseline -0.001 -2"><span class='ocrx_word' id='word_1_160' title='bbox 193 3170 365 3236; x_wconf 87' lang='lat' dir='ltr'>Thessalus</span> <span class='ocrx_word' id='word_1_161' title='bbox 384 3171 516 3236; x_wconf 91' lang='lat' dir='ltr'>ancillae</span> <span class='ocrx_word' id='word_1_162' title='bbox 533 3171 615 3235; x_wconf 85' lang='lat' dir='ltr'>facie</span> <span class='ocrx_word' id='word_1_163' title='bbox 632 3170 794 3234; x_wconf 81' lang='lat' dir='ltr'>Briseidos</span> <span class='ocrx_word' id='word_1_164' title='bbox 811 3169 901 3234; x_wconf 82' lang='lat' dir='ltr'>arsit:</span> 
     </span>
     <span class='ocr_line' id='line_1_28' title="bbox 236 3255 914 3341; baseline -0.003 -21"><span class='ocrx_word' id='word_1_165' title='bbox 236 3279 328 3320; x_wconf 92' lang='lat' dir='ltr'>serva</span> <span class='ocrx_word' id='word_1_166' title='bbox 344 3257 523 3341; x_wconf 91' lang='lat' dir='ltr'>Mycenaeo</span> <span class='ocrx_word' id='word_1_167' title='bbox 540 3257 690 3321; x_wconf 89' lang='lat' dir='ltr'>Phoebas</span> <span class='ocrx_word' id='word_1_168' title='bbox 708 3266 814 3320; x_wconf 91' lang='lat' dir='ltr'>amata</span> <span class='ocrx_word' id='word_1_169' title='bbox 831 3255 914 3319; x_wconf 89' lang='lat' dir='ltr'>duci.</span> 
     </span>
    </p>
   </div>
   <div class='ocr_carea' id='block_1_6' title="bbox 193 3340 1078 3428">
    <p class='ocr_par' dir='ltr' id='par_1_6' title="bbox 193 3340 1078 3428">
     <span class='ocr_line' id='line_1_29' title="bbox 193 3340 1078 3428; baseline -0.001 -23"><span class='ocrx_word' id='word_1_170' title='bbox 193 3363 252 3406; x_wconf 91' lang='lat' dir='ltr'>neo</span> <span class='ocrx_word' id='word_1_171' title='bbox 270 3365 341 3406; x_wconf 92' lang='lat' dir='ltr'>sum</span> <span class='ocrx_word' id='word_1_172' title='bbox 360 3364 420 3428; x_wconf 86' lang='lat' dir='ltr'>ego</span> <span class='ocrx_word' id='word_1_173' title='bbox 438 3343 607 3407; x_wconf 82' lang='lat' dir='ltr'>Tantalide</span> <span class='ocrx_word' id='word_1_174' title='bbox 625 3341 726 3407; x_wconf 91' lang='lat' dir='ltr'>maior</span> <span class='ocrx_word' id='word_1_175' title='bbox 743 3363 801 3406; x_wconf 90' lang='lat' dir='ltr'>neo</span> <span class='ocrx_word' id='word_1_176' title='bbox 819 3341 920 3405; x_wconf 91' lang='lat' dir='ltr'>maior</span> <span class='ocrx_word' id='word_1_177' title='bbox 937 3340 1078 3405; x_wconf 88' lang='lat' dir='ltr'>Achille:</span> 
     </span>
    </p>
   </div>
   <div class='ocr_carea' id='block_1_7' title="bbox 143 3426 1068 4712">
    <p class='ocr_par' dir='ltr' id='par_1_7' title="bbox 143 3426 1068 4712">
     <span class='ocr_line' id='line_1_30' title="bbox 237 3426 999 3513; baseline 0 -23"><span class='ocrx_word' id='word_1_178' title='bbox 237 3427 323 3511; x_wconf 89' lang='lat' dir='ltr'>quod</span> <span class='ocrx_word' id='word_1_179' title='bbox 342 3428 449 3492; x_wconf 89' lang='lat' dir='ltr'>decuit</span> <span class='ocrx_word' id='word_1_180' title='bbox 466 3451 572 3513; x_wconf 87' lang='lat' dir='ltr'>reges,</span> <span class='ocrx_word' id='word_1_181' title='bbox 591 3451 649 3493; x_wconf 91' lang='lat' dir='ltr'>cur</span> <span class='ocrx_word' id='word_1_182' title='bbox 666 3427 744 3491; x_wconf 91' lang='lat' dir='ltr'>mihi</span> <span class='ocrx_word' id='word_1_183' title='bbox 761 3438 852 3511; x_wconf 91' lang='lat' dir='ltr'>turpe</span> <span class='ocrx_word' id='word_1_184' title='bbox 870 3426 999 3511; x_wconf 84' lang='lat' dir='ltr'>putem?</span> 
     </span>
     <span class='ocr_line' id='line_1_31' title="bbox 144 3513 840 3589; baseline -0.003 -11"><span class='ocrx_word' id='word_1_185' title='bbox 144 3531 175 3580; x_wconf 82' lang='lat'>15</span> <span class='ocrx_word' id='word_1_186' title='bbox 193 3524 230 3576; x_wconf 91' lang='lat' dir='ltr'>ut</span> <span class='ocrx_word' id='word_1_187' title='bbox 247 3525 353 3577; x_wconf 89' lang='lat' dir='ltr'>tamen</span> <span class='ocrx_word' id='word_1_188' title='bbox 370 3515 466 3578; x_wconf 91' lang='lat' dir='ltr'>iratos</span> <span class='ocrx_word' id='word_1_189' title='bbox 483 3515 516 3578; x_wconf 92' lang='lat' dir='ltr'>in</span> <span class='ocrx_word' id='word_1_190' title='bbox 534 3526 565 3578; x_wconf 90' lang='lat' dir='ltr'>te</span> <span class='ocrx_word' id='word_1_191' title='bbox 584 3514 693 3578; x_wconf 90' lang='lat' dir='ltr'>defixit</span> <span class='ocrx_word' id='word_1_192' title='bbox 714 3513 840 3589; x_wconf 90' lang='lat' dir='ltr'>ocellos,</span> 
     </span>
     <span class='ocr_line' id='line_1_32' title="bbox 236 3599 742 3684; baseline -0.002 -22"><span class='ocrx_word' id='word_1_193' title='bbox 236 3599 351 3662; x_wconf 90' lang='lat' dir='ltr'>vidite</span> <span class='ocrx_word' id='word_1_194' title='bbox 370 3599 442 3662; x_wconf 87' lang='lat' dir='ltr'>totis</span> <span class='ocrx_word' id='word_1_195' title='bbox 461 3600 623 3663; x_wconf 89' lang='lat' dir='ltr'>erubuisse</span> <span class='ocrx_word' id='word_1_196' title='bbox 641 3599 742 3684; x_wconf 87' lang='lat' dir='ltr'>genis.</span> 
     </span>
     <span class='ocr_line' id='line_1_33' title="bbox 194 3683 952 3769; baseline 0.001 -22"><span class='ocrx_word' id='word_1_197' title='bbox 194 3697 225 3747; x_wconf 86' lang='lat' dir='ltr'>at</span> <span class='ocrx_word' id='word_1_198' title='bbox 243 3695 377 3767; x_wconf 86' lang='lat' dir='ltr'>quanto,</span> <span class='ocrx_word' id='word_1_199' title='bbox 396 3684 422 3748; x_wconf 89' lang='lat' dir='ltr'>si</span> <span class='ocrx_word' id='word_1_200' title='bbox 440 3684 522 3748; x_wconf 89' lang='lat' dir='ltr'>forte</span> <span class='ocrx_word' id='word_1_201' title='bbox 539 3683 653 3759; x_wconf 85' lang='lat' dir='ltr'>refers,</span> <span class='ocrx_word' id='word_1_202' title='bbox 671 3684 867 3769; x_wconf 88' lang='lat' dir='ltr'>praesentior</span> <span class='ocrx_word' id='word_1_203' title='bbox 883 3683 952 3769; x_wconf 89' lang='lat' dir='ltr'>ipse</span> 
     </span>
     <span class='ocr_line' id='line_1_34' title="bbox 235 3769 931 3854; baseline -0.001 -21"><span class='ocrx_word' id='word_1_204' title='bbox 235 3791 292 3854; x_wconf 87' lang='lat' dir='ltr'>per</span> <span class='ocrx_word' id='word_1_205' title='bbox 310 3770 444 3835; x_wconf 91' lang='lat' dir='ltr'>Veneris</span> <span class='ocrx_word' id='word_1_206' title='bbox 461 3769 524 3834; x_wconf 85' lang='lat' dir='ltr'>feci</span> <span class='ocrx_word' id='word_1_207' title='bbox 540 3770 671 3835; x_wconf 88' lang='lat' dir='ltr'>numina</span> <span class='ocrx_word' id='word_1_208' title='bbox 689 3792 805 3854; x_wconf 83' lang='lat' dir='ltr'>magna</span> <span class='ocrx_word' id='word_1_209' title='bbox 822 3769 931 3833; x_wconf 87' lang='lat' dir='ltr'>fidem!</span> 
     </span>
     <span class='ocr_line' id='line_1_35' title="bbox 193 3855 876 3941; baseline -0.001 -22"><span class='ocrx_word' id='word_1_210' title='bbox 193 3865 244 3931; x_wconf 88' lang='lat' dir='ltr'>tu,</span> <span class='ocrx_word' id='word_1_211' title='bbox 263 3855 337 3932; x_wconf 87' lang='lat' dir='ltr'>dea,</span> <span class='ocrx_word' id='word_1_212' title='bbox 355 3868 390 3920; x_wconf 89' lang='lat' dir='ltr'>tu</span> <span class='ocrx_word' id='word_1_213' title='bbox 407 3856 518 3920; x_wconf 91' lang='lat' dir='ltr'>iubeas</span> <span class='ocrx_word' id='word_1_214' title='bbox 536 3855 633 3919; x_wconf 88' lang='lat' dir='ltr'>animi</span> <span class='ocrx_word' id='word_1_215' title='bbox 651 3855 788 3941; x_wconf 91' lang='lat' dir='ltr'>periuria</span> <span class='ocrx_word' id='word_1_216' title='bbox 805 3855 876 3940; x_wconf 90' lang='lat' dir='ltr'>puri</span> 
     </span>
     <span class='ocr_line' id='line_1_36' title="bbox 143 3937 986 4027; baseline -0.002 -22"><span class='ocrx_word' id='word_1_217' title='bbox 143 3960 175 4007; x_wconf 78' lang='lat'>20</span> <span class='ocrx_word' id='word_1_218' title='bbox 238 3937 448 4026; x_wconf 83' lang='lat' dir='ltr'>Carpathium</span> <span class='ocrx_word' id='word_1_219' title='bbox 465 3942 588 4027; x_wconf 90' lang='lat' dir='ltr'>tepidos</span> <span class='ocrx_word' id='word_1_220' title='bbox 606 3965 663 4026; x_wconf 89' lang='lat' dir='ltr'>por</span> <span class='ocrx_word' id='word_1_221' title='bbox 680 3964 766 4006; x_wconf 90' lang='lat' dir='ltr'>mare</span> <span class='ocrx_word' id='word_1_222' title='bbox 784 3941 867 4005; x_wconf 85' lang='lat' dir='ltr'>ferro</span> <span class='ocrx_word' id='word_1_223' title='bbox 884 3952 986 4004; x_wconf 92' lang='lat' dir='ltr'>notos.</span> 
     </span>
     <span class='ocr_line' id='line_1_37' title="bbox 193 4025 1031 4112; baseline 0 -23"><span class='ocrx_word' id='word_1_224' title='bbox 193 4049 250 4111; x_wconf 89' lang='lat' dir='ltr'>pro</span> <span class='ocrx_word' id='word_1_225' title='bbox 269 4029 385 4110; x_wconf 91' lang='lat' dir='ltr'>quibus</span> <span class='ocrx_word' id='word_1_226' title='bbox 403 4027 515 4092; x_wconf 87' lang='lat' dir='ltr'>officiis</span> <span class='ocrx_word' id='word_1_227' title='bbox 532 4028 670 4112; x_wconf 88' lang='lat' dir='ltr'>pretium</span> <span class='ocrx_word' id='word_1_228' title='bbox 689 4027 766 4090; x_wconf 89' lang='lat' dir='ltr'>mihi</span> <span class='ocrx_word' id='word_1_229' title='bbox 784 4027 876 4090; x_wconf 88' lang='lat' dir='ltr'>dulce</span> <span class='ocrx_word' id='word_1_230' title='bbox 893 4025 1031 4110; x_wconf 86' lang='lat' dir='ltr'>repende</span> 
     </span>
     <span class='ocr_line' id='line_1_38' title="bbox 237 4110 928 4197; baseline -0.001 -21"><span class='ocrx_word' id='word_1_231' title='bbox 237 4114 424 4178; x_wconf 90' lang='lat' dir='ltr'>concubitus</span> <span class='ocrx_word' id='word_1_232' title='bbox 441 4114 549 4191; x_wconf 89' lang='lat' dir='ltr'>hodie,</span> <span class='ocrx_word' id='word_1_233' title='bbox 567 4113 658 4178; x_wconf 89' lang='lat' dir='ltr'>fusca</span> <span class='ocrx_word' id='word_1_234' title='bbox 677 4110 828 4197; x_wconf 85' lang='lat' dir='ltr'>Cypassi,</span> <span class='ocrx_word' id='word_1_235' title='bbox 846 4123 928 4176; x_wconf 90' lang='lat' dir='ltr'>tuos.</span> 
     </span>
     <span class='ocr_line' id='line_1_39' title="bbox 194 4197 1023 4284; baseline -0.002 -23"><span class='ocrx_word' id='word_1_236' title='bbox 194 4199 270 4281; x_wconf 90' lang='lat' dir='ltr'>quid</span> <span class='ocrx_word' id='word_1_237' title='bbox 288 4201 394 4266; x_wconf 92' lang='lat' dir='ltr'>renuis</span> <span class='ocrx_word' id='word_1_238' title='bbox 412 4199 569 4284; x_wconf 85' lang='lat' dir='ltr'>fingisque</span> <span class='ocrx_word' id='word_1_239' title='bbox 587 4221 700 4275; x_wconf 91' lang='lat' dir='ltr'>novos,</span> <span class='ocrx_word' id='word_1_240' title='bbox 718 4199 856 4282; x_wconf 85' lang='lat' dir='ltr'>ingrata,</span> <span class='ocrx_word' id='word_1_241' title='bbox 875 4197 1023 4262; x_wconf 85' lang='lat' dir='ltr'>timores?</span> 
     </span>
     <span class='ocr_line' id='line_1_40' title="bbox 236 4284 880 4350; baseline 0 -4"><span class='ocrx_word' id='word_1_242' title='bbox 236 4308 335 4349; x_wconf 81' lang='lat' dir='ltr'>unuin</span> <span class='ocrx_word' id='word_1_243' title='bbox 353 4298 400 4350; x_wconf 90' lang='lat' dir='ltr'>est</span> <span class='ocrx_word' id='word_1_244' title='bbox 417 4308 435 4350; x_wconf 92' lang='lat' dir='ltr'>e</span> <span class='ocrx_word' id='word_1_245' title='bbox 454 4285 588 4349; x_wconf 89' lang='lat' dir='ltr'>dominis</span> <span class='ocrx_word' id='word_1_246' title='bbox 607 4285 776 4348; x_wconf 89' lang='lat' dir='ltr'>emeruisse</span> <span class='ocrx_word' id='word_1_247' title='bbox 794 4284 880 4347; x_wconf 90' lang='lat' dir='ltr'>satis.</span> 
     </span>
     <span class='ocr_line' id='line_1_41' title="bbox 144 4368 985 4455; baseline -0.008 -17"><span class='ocrx_word' id='word_1_248' title='bbox 144 4390 175 4438; x_wconf 84' lang='lat'>25</span> <span class='ocrx_word' id='word_1_249' title='bbox 194 4371 280 4452; x_wconf 93' lang='lat' dir='ltr'>quod</span> <span class='ocrx_word' id='word_1_250' title='bbox 298 4371 325 4434; x_wconf 92' lang='lat' dir='ltr'>si</span> <span class='ocrx_word' id='word_1_251' title='bbox 343 4372 438 4436; x_wconf 90' lang='lat' dir='ltr'>stulta</span> <span class='ocrx_word' id='word_1_252' title='bbox 455 4394 568 4455; x_wconf 86' lang='lat' dir='ltr'>negas,</span> <span class='ocrx_word' id='word_1_253' title='bbox 586 4370 682 4433; x_wconf 85' lang='lat' dir='ltr'>index</span> <span class='ocrx_word' id='word_1_254' title='bbox 700 4380 843 4432; x_wconf 88' lang='lat' dir='ltr'>anteacta</span> <span class='ocrx_word' id='word_1_255' title='bbox 860 4368 985 4433; x_wconf 82' lang='lat' dir='ltr'>fatebor</span> 
     </span>
     <span class='ocr_line' id='line_1_42' title="bbox 237 4455 900 4542; baseline 0 -23"><span class='ocrx_word' id='word_1_256' title='bbox 237 4469 269 4520; x_wconf 86' lang='lat' dir='ltr'>et</span> <span class='ocrx_word' id='word_1_257' title='bbox 287 4458 411 4521; x_wconf 89' lang='lat' dir='ltr'>veniam</span> <span class='ocrx_word' id='word_1_258' title='bbox 429 4459 541 4542; x_wconf 87' lang='lat' dir='ltr'>culpae</span> <span class='ocrx_word' id='word_1_259' title='bbox 558 4456 697 4542; x_wconf 91' lang='lat' dir='ltr'>proditor</span> <span class='ocrx_word' id='word_1_260' title='bbox 714 4455 782 4538; x_wconf 91' lang='lat' dir='ltr'>ipse</span> <span class='ocrx_word' id='word_1_261' title='bbox 800 4477 900 4531; x_wconf 90' lang='lat' dir='ltr'>meae,</span> 
     </span>
     <span class='ocr_line' id='line_1_43' title="bbox 194 4537 1068 4627; baseline -0.002 -21"><span class='ocrx_word' id='word_1_262' title='bbox 194 4564 320 4627; x_wconf 85' lang='lat' dir='ltr'>quoque</span> <span class='ocrx_word' id='word_1_263' title='bbox 337 4545 406 4607; x_wconf 88' lang='lat' dir='ltr'>loco</span> <span class='ocrx_word' id='word_1_264' title='bbox 424 4554 530 4608; x_wconf 88' lang='lat' dir='ltr'>tecum</span> <span class='ocrx_word' id='word_1_265' title='bbox 546 4541 661 4606; x_wconf 89' lang='lat' dir='ltr'>fuerim</span> <span class='ocrx_word' id='word_1_266' title='bbox 679 4540 902 4623; x_wconf 89' lang='lat' dir='ltr'>quotiensque,</span> <span class='ocrx_word' id='word_1_267' title='bbox 921 4537 1068 4624; x_wconf 86' lang='lat' dir='ltr'>Cypassi,</span> 
     </span>
     <span class='ocr_line' id='line_1_44' title="bbox 236 4625 1034 4712; baseline -0.003 -20"><span class='ocrx_word' id='word_1_268' title='bbox 236 4629 370 4695; x_wconf 88' lang='lat' dir='ltr'>narrabo</span> <span class='ocrx_word' id='word_1_269' title='bbox 389 4629 550 4708; x_wconf 85' lang='lat' dir='ltr'>dominae,</span> <span class='ocrx_word' id='word_1_270' title='bbox 568 4640 708 4712; x_wconf 89' lang='lat' dir='ltr'>quotque</span> <span class='ocrx_word' id='word_1_271' title='bbox 727 4625 905 4711; x_wconf 88' lang='lat' dir='ltr'>quibusque</span> <span class='ocrx_word' id='word_1_272' title='bbox 922 4626 1034 4690; x_wconf 88' lang='lat' dir='ltr'>modis.</span> 
     </span>
    </p>
   </div>
   <div class='ocr_carea' id='block_1_8' title="bbox 1221 4600 1234 4635">
    <p class='ocr_par' dir='ltr' id='par_1_8' title="bbox 1221 4600 1234 4635">
     <span class='ocr_line' id='line_1_45' title="bbox 1221 4600 1234 4635; baseline 0 0"><span class='ocrx_word' id='word_1_273' title='bbox 1221 4600 1234 4635; x_wconf 63' lang='lat' dir='ltr'>J</span> 
     </span>
    </p>
   </div>
   <div class='ocr_carea' id='block_1_9' title="bbox 0 0 1306 4965">
    <p class='ocr_par' dir='ltr' id='par_1_9' title="bbox 0 0 1306 4965">
     <span class='ocr_line' id='line_1_46' title="bbox 0 0 1306 4965; baseline 0 0"><span class='ocrx_word' id='word_1_274' title='bbox 0 0 1306 4965; x_wconf 95' lang='lat' dir='ltr'> </span> 
     </span>
    </p>
   </div>
  </div>
 </body>
</html>
