2604 4974
420 272 625 330 HEROIDUM
641 274 692 328 III.
711 273 839 330 30-117.

147 397 261 482 cuique
279 419 377 462 senex
394 396 517 462 Nereus
534 419 683 483 prosocer
700 420 769 463 esse
787 397 872 463 velit.

106 509 161 551 nos
177 483 313 549 humiles
331 483 533 567 famulaeque
551 493 625 548 tuae
645 483 720 547 data
736 506 836 569 pensa
853 482 1014 548 trahemus

146 582 177 637 et
195 570 338 634 minuent
355 569 464 654 plenas
483 569 618 634 stamina
635 580 743 633 nostra
761 570 855 634 colos.

105 657 242 742 exagitet
259 677 299 719 ne
317 677 368 718 me
385 664 508 719 tantum
525 665 591 731 tua,
610 654 771 739 deprecor,
789 678 879 731 uxor,

146 765 227 827 quae
245 739 323 804 mihi
340 740 446 810 nescio
464 762 527 824 quo
545 762 609 804 non
627 740 686 805 erit
703 762 805 823 aequa
822 740 926 817 modo,

104 852 183 894 neve
201 848 289 892 meos
307 847 414 891 coram
432 827 533 890 scindi
549 826 669 911 patiare
687 826 817 910 capillos

146 925 177 980 et
193 913 306 978 leviter
323 911 410 976 dicas
428 911 520 977 ‘haec
538 933 665 995 quoque
683 922 791 976 nostra
808 911 888 976 fuit?

104 1001 154 1066 vel
171 999 292 1085 patiare
309 997 397 1074 licet,
416 998 492 1062 dum
509 1020 550 1061 ne
569 1008 749 1082 contempta
766 998 938 1081 relinquar:

144 1085 197 1150 hic
214 1083 307 1160 mihi,
325 1083 399 1148 vae!
426 1083 559 1149 miserae
578 1083 717 1148 concutit
735 1106 806 1148 ossa
822 1095 935 1147 metus.

105 1171 181 1258 quid
198 1182 306 1235 tamen
324 1169 490 1255 expectas?
529 1169 773 1254 Agamemnona
789 1169 929 1254 paenitet
945 1168 1021 1244 irae,

147 1268 178 1322 et
195 1257 279 1322 iacet
297 1266 369 1320 ante
387 1266 458 1319 tuos
477 1253 615 1322 Graecia
632 1264 754 1320 maesta
770 1255 877 1340 pedes.

104 1344 194 1409 vince
213 1341 334 1407 animos
352 1340 494 1424 iramque
512 1352 613 1416 tuam,
632 1340 687 1425 qui
704 1351 809 1406 cetera
826 1340 935 1404 vincis.

147 1428 224 1512 quid
241 1429 360 1492 lacerat
376 1426 508 1490 Danaas
525 1426 661 1512 impiger
678 1427 799 1490 Hector
817 1426 911 1511 opes?

105 1537 193 1579 arma
210 1536 303 1598 cape,
321 1512 478 1588 Aeacide,
497 1513 553 1576 sed
569 1535 621 1576 me
639 1523 744 1576 tamen
763 1522 836 1576 ante
853 1522 989 1596 recepta,

147 1610 179 1664 et
195 1622 303 1685 preme
321 1598 463 1662 turbatos
481 1597 586 1662 Marte
603 1597 731 1663 favente
749 1597 842 1661 viros.

106 1695 234 1787 propter
251 1707 302 1748 me
318 1696 406 1747 mota
423 1694 485 1760 est,
503 1694 632 1769 propter
650 1706 700 1747 me
719 1683 842 1748 desinat
858 1683 918 1746 ira:

147 1791 269 1853 umque
288 1791 347 1855 ego
365 1769 509 1833 tristitiae
528 1791 623 1833 causa
640 1771 817 1851 modusque
835 1779 918 1833 tuae.

105 1879 164 1922 nec
180 1857 239 1920 tibi
256 1867 291 1920 tu
331 1879 348 1920 e
365 1865 444 1941 puta
461 1854 608 1940 precibus
626 1855 832 1920 succumbere
849 1853 978 1919 nostris:

147 1942 290 2026 coniugis
343 1941 451 2006 enideo
469 1963 578 2005 versus
596 1941 629 2004 in
647 1964 735 2005 arma
751 1963 845 2024 prece
862 1951 919 2005 est.

108 2051 156 2094 res
175 2027 283 2092 audita
300 2027 391 2102 mihi,
409 2037 485 2090 nota
502 2026 634 2091 esttibi.
669 2026 819 2090 fratribus
838 2026 915 2091 orba

148 2113 275 2178 devovit
291 2113 357 2176 nati
375 2133 527 2196 spemque
546 2123 704 2196 caputque
722 2135 846 2196 parens.

108 2200 223 2264 bellum
241 2209 323 2263 erat:
340 2198 392 2263 ille
410 2197 501 2262 ferox
518 2198 627 2282 positis
646 2197 774 2262 secessit
791 2197 832 2262 ab
850 2197 944 2262 armis

148 2296 179 2349 et
196 2284 316 2370 patriae
334 2282 437 2368 rigida
453 2293 559 2348 mente
576 2284 706 2368 negavit
723 2305 824 2367 opem.

108 2372 173 2436 sola
189 2371 292 2434 virum
311 2368 448 2433 coniunx
465 2368 562 2434 flexit.
605 2368 726 2434 felicior
742 2369 812 2433 illa!

148 2468 178 2521 at
197 2478 282 2531 mea,
300 2453 372 2538 prol
399 2455 486 2518 nullo
504 2455 643 2540 pondere
659 2455 758 2519 verba
776 2453 906 2519 cadunt!

109 2564 164 2607 neo
181 2552 288 2606 tamen
304 2540 461 2625 indignor.
504 2563 563 2605 nec
581 2563 632 2605 me
649 2563 707 2626 pro
725 2540 859 2626 coniuge
877 2541 961 2625 gessi

149 2626 273 2711 saepius
290 2625 324 2689 in
342 2625 461 2690 domini
478 2647 570 2691 serva
586 2635 699 2691 vocata
716 2637 830 2690 torum.

107 2735 155 2777 me
173 2711 344 2795 quaedam,
362 2711 506 2787 memini,
524 2712 685 2777 dominam
703 2712 829 2796 captiva
846 2712 994 2776 vocabat:

147 2797 303 2862 ‘servitio’
322 2797 388 2861 dixi
406 2797 556 2861 ‘nominis
574 2797 663 2862 addis
682 2797 782 2863 onus?

107 2905 161 2966 per
177 2895 284 2949 tamen
302 2904 374 2947 ossa
391 2882 450 2946 viri
468 2882 572 2947 subito
590 2884 673 2948 male
691 2892 774 2949 tecta
792 2882 969 2968 sepulchr0,

147 2992 271 3054 semper
286 2969 410 3032 iudiciis
428 2990 499 3032 ossa
516 2969 655 3033 verenda
671 2968 759 3044 meis,

105 3076 224 3138 perque
241 3053 336 3118 trium
354 3054 452 3118 fortes
471 3054 607 3129 animas,
625 3077 696 3120 mea
713 3055 858 3131 numina,
876 3054 1020 3132 fratrum,

146 3140 202 3224 qui
220 3140 299 3204 bene
317 3161 374 3224 pro
392 3140 494 3223 patria
511 3161 585 3204 cum
602 3141 767 3226 patriaque
785 3142 898 3216 iacent,

105 3247 223 3309 perque
241 3235 332 3288 tuum
350 3236 556 3308 nostrumque
574 3238 683 3310 caput,
702 3248 784 3309 quae
801 3226 961 3292 iunximus
979 3250 1053 3305 una,

145 3332 266 3395 perque
283 3319 354 3374 tuos
373 3333 477 3387 enses,
496 3312 623 3396 cognita
640 3313 703 3376 tela
721 3312 809 3387 meis,

104 3396 191 3461 nulla
207 3396 421 3480 Mycenaeum
439 3395 575 3461 sociasse
593 3397 710 3461 cubilia
727 3421 852 3462 mecum

146 3482 226 3546 iuro.
270 3480 433 3546 fallentem
451 3482 627 3548 deseruisse
645 3484 732 3548 velis.

104 3569 129 3632 si
147 3567 205 3632 tibi
223 3589 308 3632 nunc
325 3567 428 3631 dicam
446 3566 643 3644 ‘fortissime,
661 3579 697 3632 tu
715 3591 840 3652 quoque
857 3569 927 3633 iura

145 3653 233 3717 nulla
250 3652 308 3716 tibi
326 3653 392 3717 sine
411 3675 461 3717 me
479 3653 597 3737 gaudia
613 3653 723 3729 facta‚'
741 3678 849 3740 neges.

104 3751 136 3802 at
152 3738 260 3803 Danai
276 3761 417 3803 maerere
435 3749 557 3823 putant.
601 3738 659 3803 tibi
677 3741 797 3824 plectra
813 3751 989 3806 moventur.

145 3835 176 3888 te
194 3834 280 3888 tenet
297 3824 330 3888 in
347 3823 454 3908 tepido
472 3824 574 3888 mollis
592 3825 695 3890 amica
712 3826 793 3890 sinu.

103 3908 127 3972 si
147 3909 315 3992 quisquam
334 3909 470 3991 quaerit,
489 3931 587 3993 quare
605 3934 748 3996 pugnare
766 3932 906 3977 recuses:
1141 3934 1189 3982 11⁵

144 4016 254 4080 pugna
270 4005 377 4070 nocet,
396 3993 533 4060 citharae
550 4017 678 4079 noxque
696 4018 858 4080 venusque
876 3998 995 4069 iuvant.

103 4079 201 4144 tutius
221 4090 267 4145 est
284 4079 419 4146 iacuisse
437 4091 521 4159 toro,
539 4081 678 4151 tenuisse
695 4083 852 4177 puellam,
