2604 4974
235 233 350 292 Annis
367 233 596 295 Auaronmn
612 234 686 293 mn
705 233 759 291 111
776 230 922 292 too-tat
1030 214 1092 288 187

112 382 172 426 nec
188 358 320 425 brevis
310 383 344 425 ιιι
361 382 458 427 ruas
475 359 597 461 lingula
613 382 724 446 pressa
741 382 828 425 suas:

69 469 129 512 nec
145 457 221 532 toga
239 445 377 546 decipiat
428 445 662 521 otenuissima‚
680 467 740 510 nec
758 444 785 513 si
1110 463 1161 513 445

112 532 252 597 anulus
244 555 276 595 m
295 530 383 616 digit
375 554 401 595 ιι
361 531 498 596 alter
516 541 548 596 e
535 531 644 596 talter
662 530 730 597 erit.

68 617 202 683 forsitan
219 640 259 683 ex
277 617 390 681 horum
407 639 539 682 numero
559 617 749 683 cultissimus
767 617 820 683 ille

111 703 164 768 fur
182 702 222 767 sit
240 714 272 768 et
288 712 398 766 uratur
415 702 511 767 vestis
529 724 636 769 amore
654 713 737 770 tuae

69 789 180 855 ‘redde
197 787 332 853 meuml’
352 787 489 853 clamant
505 789 658 874 spoliatae
676 811 770 874 saepe
788 787 923 874 puellae,

113 874 223 940 ‘redde
242 873 377 938 meuml’
397 884 463 941 toto
481 895 559 940 voce
577 874 693 941 boante
710 873 790 939 foro.

69 961 139 1037 has,
158 961 283 1037 Venus,
302 982 319 1024 e
332 960 559 1060 templist
480 960 579 1025 multo
596 960 721 1026 radiant
721 960 792 1026 ibus
811 981 888 1025 auro

111 1047 177 1111 lent
165 1056 197 1109 ta
214 1045 302 1111 vides
319 1045 391 1110 lites
408 1045 667 1131 Appiadesquet
668 1069 738 1113 uae.

70 1144 144 1197 sunt
162 1152 289 1215 quoque
307 1152 371 1195 non
389 1131 488 1196 dubia
505 1132 662 1215 quaedam
679 1133 763 1197 mala
782 1131 911 1196 nomina
927 1130 1028 1195 fama:

112 1219 262 1303 deceptae
280 1215 409 1282 armillis
427 1217 545 1317 crimen
565 1217 700 1282 amantis
717 1217 845 1282 habent.

69 1304 179 1368 discite
198 1303 238 1367 ab
257 1303 301 1367 alt
288 1301 386 1367 terius
404 1312 474 1367 vest
473 1303 516 1367 ris
533 1302 674 1367 timuisse
693 1302 854 1387 querellis.

111 1390 208 1454 ianua
225 1388 330 1452 fallaci
347 1410 388 1452 ne
406 1389 447 1452 sit
449 1406 573 1488 aperta
591 1389 668 1453 viro·

68 1475 203 1561 parcite,
223 1471 456 1574 Cecropides,
447 1486 552 1539 rurant
552 1498 562 1538 1
540 1475 708 1540 teredere
725 1473 864 1540 Theseo:

111 1583 191 1644 quor
209 1560 304 1625 faciet
291 1559 426 1636 ttestis,
443 1558 520 1624 fecit
507 1571 568 1624 tet
586 1584 627 1625 an
629 1570 674 1637 te,
629 1559 779 1625 tdeos.

70 1657 100 1713 et
118 1647 192 1722 tibi,
210 1644 424 1731 Demophoon
441 1644 559 1710 Thesei·
576 1645 715 1711 criminis
732 1644 834 1722 heres,

110 1731 260 1817 Phyllide
278 1731 412 1815 decepta
428 1731 517 1796 nulla
533 1731 643 1797 relicta
659 1731 748 1797 fides.

69 1841 96 1882 sr
86 1818 194 1883 bene
212 1817 408 1902 promittent,
427 1816 559 1882 totidem
577 1817 748 1903 promittite
766 1816 886 1883 verbis.

112 1927 138 1967 sr
128 1903 313 1978 dederint,
333 1913 365 1967 et
382 1923 438 1966 vos
456 1902 574 1987 gaudia
591 1914 684 1988 pacta
702 1903 784 1967 date.

68 1989 122 2053 illa
139 1998 244 2075 potest
261 1951 372 2073 vigiles
389 1989 532 2052 flammas
551 1989 738 2089 extinguere
756 1989 875 2055 Vestae

111 2085 142 2140 et
159 2096 305 2159 raperee
323 2074 477 2174 templis,
481 2074 607 2152 Inachi,
626 2097 716 2143 sacra
734 2074 806 2152 ιιιιι,

69 2173 102 2226 et
119 2161 194 2225 dare
211 2160 311 2224 mixta
329 2161 396 2224 viro
414 2159 495 2225 tritis
513 2160 638 2225 aconita
656 2160 776 2238 cicutis,

111 2258 241 2347 accepto
259 2246 417 2311 Venerem
434 2268 564 2311 munere
581 2247 673 2330 siqua
690 2257 858 2345 negat.—

70 2333 131 2398 lert
149 2333 272 2396 animus
290 2332 420 2416 propius
439 2330 618 2397 consistere.
662 2331 823 2431 supprime
840 2331 991 2407 habenas,

112 2419 224 2493 Musa,
242 2439 302 2482 nec
320 2415 463 2481 admissis
483 2417 642 2483 excutiare
661 2417 747 2482 rotis.

70 2505 168 2569 verba
185 2503 333 2567 vadumt
321 2515 421 2587 ttemp
422 2513 475 2566 ent
493 2502 636 2603 abiegnis
654 2504 771 2589 scripta
788 2503 926 2567 tabellis:

112 2589 244 2674 accipiat
261 2588 374 2652 missas
392 2598 446 2673 apt
447 2612 466 2651 a
483 2588 589 2653 minist
589 2612 625 2653 ra
577 2599 743 2653 t.notas
1109 2608 1160 2657 470

68 2676 197 2760 inspice.
242 2675 391 2758 quodque
403 2675 511 2773 leges,
530 2697 570 2738 ex
588 2674 664 2759 ipsis
683 2674 797 2759 collige
815 2673 930 2749 verbis,

110 2762 224 2846 lingat,
243 2783 284 2824 an
302 2784 342 2825 ex
360 2758 464 2824 animo
483 2760 698 2847 sollicitusque
715 2770 815 2844 roget.

68 2859 202 2948 postque
219 2845 349 2911 brevem
367 2835 508 2910 rescribe
523 2867 653 2911 moram.
698 2867 787 2910 mora
804 2867 928 2929 semper
946 2854 1087 2909 amantes

111 2931 235 3008 incitat,
254 2932 405 3017 exiguum
423 2953 450 2995 st
440 2931 561 2996 modo
579 2943 705 3016 tempus
722 2930 827 2997 habet.

69 3019 125 3084 sed
143 3039 246 3100 neque
264 3028 294 3082 te
312 3017 464 3082 facilem
455 3018 563 3081 iuveni
579 3018 727 3118 promitte
745 3016 879 3102 roganti,
1108 3035 1159 3086 475

110 3125 169 3169 nec
188 3116 328 3167 tamena
347 3103 440 3180 dur0,
459 3103 545 3186 quod
561 3104 641 3189 petit
656 3104 723 3179 ille,
741 3126 835 3189 nega,

68 3189 159 3255 fact
138 3198 247 3254 trtmea
263 3200 453 3290 speretque
446 3189 553 3266 simul,
572 3190 781 3273 quotiensque
799 3188 948 3265 remittes,

110 3296 245 3362 spesque
262 3275 364 3360 magis
381 3274 489 3340 veniat
506 3286 592 3340 certa
609 3275 775 3358 minorque
793 3286 906 3340 metus

68 3361 201 3436 munda,
220 3360 276 3424 sed
294 3382 311 3424 e
329 3360 433 3424 medio
451 3372 664 3443 consuetaque
682 3361 793 3436 verba,
811 3361 946 3445 puellae,

111 3446 248 3511 scribite.
292 3445 444 3510 sermonis
461 3445 589 3545 publica
606 3447 709 3510 forma
725 3447 838 3531 placet.

69 3533 102 3597 al
122 3532 267 3616 quotiens
285 3530 400 3595 dubius
419 3531 480 3594 scri
504 3530 543 3594 tis
561 3532 677 3596 exarsit
695 3543 827 3607 amator,

112 3632 144 3683 et
160 3616 268 3681 nocuit
285 3617 406 3680 formae
423 3553 559 3681 barbara
575 3617 686 3702 lingua
702 3615 818 3682 bonae!

69 3705 125 3769 sed
143 3703 308 3787 quoniam,
327 3701 471 3784 quamvis
489 3702 586 3767 vittae
604 3703 736 3768 careatis
753 3703 882 3779 honora,

113 3802 161 3854 est
177 3787 268 3851 vobis
286 3801 408 3852 vestros
425 3788 535 3852 fallere
554 3810 630 3853 cura
648 3789 742 3865 viros,

70 3874 202 3939 arrcillae
218 3874 372 3958 puerique
389 3896 486 3937 manu
504 3886 648 3958 perarate
666 3873 808 3939 tabellas.

112 3960 247 4044 pignora
263 3981 322 4023 nec
340 3980 438 4059 puero
456 3959 576 4024 credita
593 3969 698 4025 vestra
715 3960 797 4023 volo.

71 4044 136 4110 vidi
154 4066 213 4130 ego
230 4043 392 4111 fallentis
384 4055 444 4110 isto
461 4056 580 4114 terrore
597 4045 719 4136 puellas
