2604 4974
312 274 519 331 HEROIDUM
535 274 572 328 X.
592 272 737 328 rar-150.
755 272 807 326 XI.
826 272 919 328 1-59.
1088 256 1128 322 37

149 398 291 498 possidet
308 409 340 463 et
356 397 441 462 vitiis
458 419 558 482 regna
574 396 698 460 minora
716 395 790 458 suis.

105 485 184 568 qmd
200 484 291 547 iuvat
308 483 468 547 admotam
484 505 542 568 per
560 504 692 546 avorum
708 480 838 544 nomina
855 479 943 545 caelo

148 570 231 634 inter
249 581 401 654 cognatos
419 590 512 654 posse
530 567 648 632 referre
665 566 794 631 lovem?

104 679 184 719 num
201 654 306 718 minus
323 654 489 730 infestum,
507 652 654 717 funebria
670 675 816 728 munera,
835 651 955 715 ferrum

149 739 287 804 feminea
305 751 412 816 teneo,
429 760 492 802 non
510 761 583 803 mea
599 738 677 813 tela,
695 737 811 801 manu?

106 849 127 890 o
145 824 282 902 utinam,
300 825 469 901 Macareu,
488 846 570 908 qnae
587 846 645 889 nos
664 821 821 888 commisit
837 822 871 886 in
888 845 997 899 unum,

150 911 289 976 venisset
306 911 368 976 leto
388 909 485 975 serior
502 909 581 974 hora
597 908 682 974 meo!

107 1019 165 1062 cur
182 1017 334 1079 umquam
351 995 422 1080 plus
440 1017 506 1071 me,
524 995 632 1072 frater,
649 1017 747 1078 quam
763 993 862 1059 frater
879 991 1002 1070 amasti,

151 1094 184 1146 et
200 1082 272 1158 tibi,
291 1103 356 1145 non
374 1081 469 1145 debet
486 1080 572 1164 quod
590 1102 677 1144 soror
694 1103 777 1156 esse,
795 1079 862 1144 fui?
1021 1083 1025 1090 ’

105 1167 177 1253 ipsa
195 1189 323 1251 quoque
340 1166 472 1243 incalui,
491 1167 681 1250 qualemque
698 1166 808 1231 audire
826 1164 976 1242 solebam,

150 1252 258 1319 nescio
276 1275 371 1337 quem
390 1252 474 1317 sensi
491 1252 586 1316 corde
604 1263 731 1336 tepente
749 1252 853 1316 deum.

106 1338 236 1424 fugerat
253 1360 306 1403 ore
325 1338 420 1414 color,
437 1337 556 1402 macies
574 1337 751 1402 adduxerat
768 1347 855 1401 artus
860 1361 869 1414 3

150 1423 317 1488 sumebant
334 1423 481 1487 minimos
499 1444 555 1486 ora
572 1435 682 1487 coacta
699 1422 800 1487 cibosz

106 1532 166 1574 nec
184 1510 286 1574 somni
303 1510 427 1583 facilen,
447 1520 478 1573 et
494 1531 559 1572 nox
577 1519 645 1573 erat
662 1531 768 1572 annua
783 1507 886 1583 nobis,

149 1606 180 1659 et
197 1595 352 1680 gemitum
368 1595 456 1659 nullo
474 1594 561 1658 laesa
578 1594 685 1658 dolore
704 1593 834 1658 dabam:

106 1701 179 1757 nec,
198 1702 255 1744 cur
271 1680 350 1745 haec
367 1680 520 1757 facerem,
539 1691 681 1765 poteram
699 1679 777 1742 mihi
793 1678 925 1743 reddere
944 1701 1083 1756 causam,

148 1788 209 1831 nec
225 1788 350 1841 noram,
368 1765 446 1848 quid
464 1787 573 1830 amans
592 1775 675 1828 esset
691 1801 734 1810 —
751 1775 784 1828 at
801 1764 881 1828 illud
898 1788 995 1833 eram.
1089 1825 1092 1831 ,

106 1851 210 1937 prima
225 1852 344 1915 malum
360 1850 470 1915 nutrix
487 1850 592 1914 animo
610 1850 785 1937 praesensit
802 1850 886 1926 anili,

148 1937 251 2023 prima
267 1937 345 2001 mihi
362 1937 470 2000 nutrix
488 1936 612 2011 ‘Aeoli'
631 1935 710 2000 dixit
727 1935 850 2000 ‘amas'

107 2023 235 2100 erubui,
253 2022 437 2108 gremioque
455 2023 559 2108 pudor
576 2021 689 2086 deiecit
707 2021 837 2086 ocellos:

149 2109 228 2174 haec
245 2108 321 2173 satis
338 2108 372 2172 in
390 2107 486 2172 tacita
504 2108 595 2208 signa
612 2107 740 2172 fatentis
758 2118 856 2173 erant.

107 2194 234 2277 iamque
252 2193 471 2259 tumescebant
488 2192 591 2257 vitrati
607 2194 749 2279 pondera
766 2193 895 2270 ventris,

149 2302 244 2365 aegra
268 2302 309 2343 ue
325 2280 479 2345 furtivum
496 2278 640 2344 membra
656 2279 812 2364 gravabat
830 2302 920 2344 onus.

107 2387 187 2448 quas
205 2301 284 2428 miii
300 2387 364 2429 non
381 2364 510 2442 herbas,
529 2387 611 2448 quae
628 2387 693 2431 non
710 2365 920 2430 medicamina
936 2364 1044 2428 nutrix

149 2450 253 2515 attulit
270 2450 384 2515 audaci
402 2451 630 2537 supposuitque
647 2473 754 2527 manu,

107 2546 143 2599 ut
160 2536 285 2620 penitus
302 2536 418 2600 nostris
437 2574 473 2582 -
495 2537 556 2601 hoc
572 2549 604 2601 tc
623 2537 794 2601 celavimus
813 2559 912 2600 unum
929 2573 972 2583 —

149 2622 322 2687 visceribus
342 2643 485 2686 crescens
504 2634 704 2689 excuteretur
722 2621 815 2686 onus!

106 2707 140 2771 al
167 2706 299 2770 nimium
316 2707 411 2771 vivax
429 2707 564 2771 admotis
582 2706 695 2772 restitit
711 2707 816 2771 infans

150 2792 284 2869 artibus,
304 2805 335 2856 et
353 2803 436 2857 tecto
453 2804 541 2857 tutus
560 2792 601 2857 ab
618 2792 709 2858 hoste
726 2793 796 2857 fuit.

105 2878 169 2942 iam
187 2878 319 2942 noviens
338 2890 405 2942 erat
423 2889 492 2942 orta
509 2900 597 2943 soror
613 2878 827 2964 pulcherrima
844 2877 979 2956 Phoebi,

149 2964 294 3048 denaque
311 2963 461 3029 luciferos
478 2964 575 3028 Luna
592 2965 741 3031 movebat
759 2987 857 3048 equos
863 2988 872 3041 ;

105 3050 227 3126 nescia,
246 3071 328 3133 quae
345 3050 465 3114 faceret
483 3050 604 3115 subitos
622 3051 699 3114 mihi
718 3073 814 3114 causa
832 3051 966 3128 dolores,

150 3147 181 3200 et
198 3135 285 3199 rudis
303 3137 345 3199 ad
362 3148 472 3221 partus
490 3151 519 3200 et
538 3158 622 3199 nova
639 3135 729 3200 miles
748 3160 845 3201 cram.

105 3242 165 3286 nec
183 3221 271 3285 tenui
288 3242 409 3285 vocem.
453 3221 558 3304 ‘quid'
577 3222 621 3285 ait
639 3228 710 3285 ‘tua
728 3222 859 3287 crimina
876 3221 1016 3308 prodis?’

149 3328 268 3390 oraque
287 3307 450 3373 clamantis
469 3307 595 3371 conscia
612 3309 726 3392 pressit
744 3331 834 3372 anns.

105 3392 184 3476 quid
201 3391 316 3455 faciam
334 3392 464 3456 infelix?
490 3393 627 3478 gemitus
646 3393 734 3457 dolor
752 3393 845 3458 edere
864 3394 958 3480 cogit,

149 3477 207 3542 sed
224 3474 318 3542 timor
336 3489 367 3542 et
384 3477 490 3541 nutrix
509 3489 540 3541 et
556 3478 660 3564 pudor
677 3480 744 3562 ipse
762 3490 880 3544 vetant.

106 3563 253 3628 contineo
271 3564 408 3648 gemitus
426 3564 596 3649 elapsaque
613 3563 712 3628 verba
728 3566 894 3650 reprendo,

150 3660 182 3714 et
199 3671 296 3734 cogor
312 3649 458 3713 lacrimas
477 3649 645 3713 conbibere
662 3650 732 3735 ipsa
749 3673 847 3718 meas.

106 3757 192 3799 mors
210 3744 277 3798 crat
295 3745 368 3798 ante
386 3735 508 3811 oculos,
527 3745 559 3799 et
575 3755 668 3822 opem
685 3736 812 3800 Lucina
829 3736 982 3824 negabat:

150 3832 182 3884 ct
198 3842 311 3906 grave,
330 3821 357 3884 si
374 3820 499 3898 moriar,
518 3842 603 3884 mors
621 3842 748 3905 quoquc
766 3821 885 3887 crimen
903 3832 983 3887 erat:

108 3929 181 3970 cum
199 3905 498 3991 superincumbens
517 3906 615 3971 scissa
632 3907 803 3989 tunicaque
821 3929 975 3994 cornaque
1048 3911 1051 3916 ’

151 4014 260 4078 pressa
276 3991 418 4056 refovisti
435 4002 565 4076 pectora
581 4003 689 4059 nostra
706 3993 779 4069 tuis,

109 4089 141 4143 et
158 4076 236 4142 mihi
255 4077 356 4154 ‘vive,
375 4099 473 4155 soror,
491 4100 580 4142 soror
597 4100 616 4142 o
635 4077 819 4159 carissima,’
838 4079 919 4146 dixti
