2604 4974
335 243 503 303 monum
519 243 593 301 rna.
611 241 635 298 1.
653 242 704 313 vr,
721 240 855 313 a1-v11,
871 239 915 298 aa.
1093 229 1132 299 87

504 391 506 397 '
588 436 666 503 vn.

115 542 211 608 Adde
229 562 342 606 manus
358 541 392 605 in
409 539 514 609 vincla
530 563 628 617 meas,
645 576 689 586 -
705 561 848 604 meruere
866 547 993 604 catenas
1009 572 1053 585 -

159 628 235 692 dum
253 627 341 692 furor
358 626 460 692 omnis
478 626 558 702 abit,
578 626 676 711 siquis
694 625 813 690 amicus
831 625 916 690 ades.

115 737 190 779 nam
207 714 296 778 furor
312 713 345 776 in
362 712 522 777 dominam
541 711 708 777 temeraria
725 710 875 776 bracchia
891 709 1000 776 movit.

158 801 213 865 flet
230 821 302 864 mea
319 820 457 863 vaesana
473 797 560 863 laesa
576 799 683 883 puella
699 820 805 862 manu.

115 896 191 951 tunc
209 907 269 970 ego
287 886 338 949 vel
356 906 446 949 caros
462 883 552 970 potui
570 884 687 948 violare
704 893 862 968 parentes,

157 994 254 1036 saeva
270 970 322 1035 vel
338 970 373 1034 in
390 982 516 1035 sanctos
534 969 667 1035 verbera
683 969 766 1034 ferre
784 969 870 1035 deos.

115 1057 207 1142 quid,
224 1078 289 1121 non
307 1068 337 1122 et
355 1055 449 1141 clipei
466 1054 613 1120 domiuus
631 1055 843 1141 septemplicis
860 1054 947 1123 Aiax

158 1142 269 1208 stravit
287 1142 457 1228 deprensos
475 1142 540 1206 lata
557 1164 708 1227 perarua
726 1163 851 1227 greges,

115 1241 147 1294 et
164 1228 282 1293 vindex
299 1229 333 1292 in
349 1238 451 1292 matre
467 1228 580 1312 patris,
598 1228 701 1292 malus
718 1228 811 1305 ultor,
831 1225 963 1293 Orestes

158 1337 254 1379 ausus
271 1313 304 1378 in
322 1335 453 1377 arcanas
470 1335 601 1398 poscere
618 1315 680 1379 tela
697 1313 792 1377 deas?
1157 1329 1191 1381 10

115 1422 192 1488 ergo
210 1421 270 1485 ego
289 1399 428 1485 digestos
445 1399 534 1484 potui
551 1399 671 1464 laniare
689 1400 838 1484 capillos?

157 1507 217 1552 neo
236 1484 395 1549 dominam
412 1496 517 1550 motae
535 1485 710 1550 dedecuere
730 1506 849 1549 comae.

116 1572 162 1637 sic
179 1572 319 1636 formosa
335 1571 410 1635 fuit:
428 1572 524 1635 talem
543 1569 742 1636 Schoeneida
758 1571 863 1635 dicam

158 1657 337 1722 Maenalias
355 1678 431 1721 arcu
449 1657 633 1722 sollicitasse
650 1656 744 1721 feras.
774 1698 777 1704 -

116 1743 187 1808 talis
204 1743 321 1829 periuri
338 1742 555 1828 promissaque
573 1744 707 1826 velaque
724 1741 841 1808 Thesei

158 1829 245 1894 flevit
261 1827 448 1915 praecipites
467 1825 585 1894 Cressa
602 1829 711 1894 tulisse
728 1839 830 1893 notos.

116 1914 176 1994 sic,
194 1914 256 1979 nisi
273 1914 392 1980 vittatis
410 1914 495 1997 quod
513 1927 582 1980 erat
599 1913 781 1981 Cassandra
798 1913 930 2000 capillis,

157 2000 326 2102 procubuit
343 2010 408 2066 tem
430 2001 472 2077 lo,
491 2011 579 2065 casta
595 2001 759 2077 Minerva,
777 2012 842 2065 tuo.

116 2109 187 2172 ans
205 2086 283 2150 mihi
300 2108 364 2150 non
383 2022 559 2151 ‘dimensI’
578 2087 649 2171 quis
668 2108 732 2152 non
749 2086 827 2151 mihi
845 2085 1023 2151 ‘barbarol’
1044 2085 1142 2151 dixit?

157 2172 228 2258 ipsa
244 2171 336 2236 nihil:
354 2171 471 2258 pavido
489 2183 538 2237 est
554 2172 804 2258 lingua'retenta
821 2183 917 2238 metu.
1156 2193 1189 2243 ao

116 2259 172 2324 sed
190 2258 277 2322 taciti
293 2258 398 2323 fecere
414 2267 522 2323 tamen
539 2258 677 2323 convitia
693 2259 813 2323 vultus:

159 2343 223 2430 egit
240 2366 292 2409 me
309 2342 463 2421 lacrimis,
481 2366 536 2409 ore
553 2345 680 2420 silente,
697 2366 797 2410 reum.

116 2440 188 2495 ante
206 2452 294 2494 meos
312 2429 429 2494 umeris
447 2431 561 2496 vellem
579 2430 729 2495 cecidisse
746 2431 894 2497 lacertos:

158 2515 276 2581 utiliter
291 2515 381 2602 potui
397 2527 488 2601 parte
505 2538 612 2583 carere
631 2515 703 2580 mei.

114 2601 148 2677 in
166 2624 238 2667 mea
254 2624 408 2667 vaesanas
426 2601 523 2665 habui
541 2602 706 2687 dispendia
723 2601 806 2666 vires

158 2700 190 2752 et
207 2687 293 2751 valui
309 2709 446 2773 poenam
463 2686 553 2751 fortis
570 2688 601 2752 in
619 2687 688 2773 ipse
705 2710 819 2751 meam.

116 2773 192 2857 quid
209 2772 286 2837 mihi
303 2773 485 2849 vobiscum,
503 2773 608 2838 caedis
626 2775 844 2857 scelerumque
861 2771 1041 2839 ministrae?

158 2859 266 2925 debita
283 2858 455 2944 sacrilegae
473 2857 577 2923 vincla
594 2858 698 2924 subite
716 2859 844 2923 manual

116 2968 171 3022 an,
190 2944 217 3009 si
234 2945 412 3030 pulsassem
428 2942 594 3009 minimum
612 2945 652 3009 de
669 2944 762 3030 plebe
781 2943 940 3028 Quiritem

156 3031 320 3116 plecterer,
338 3029 371 3094 in
389 3030 549 3095 dominam
566 3030 616 3096 ius
634 3029 713 3095 mihi
729 3031 832 3096 maius
850 3031 927 3096 erit?

101 3117 253 3266 Χρειῇἳίιηᾶι
269 3116 410 3216 Tydides
429 3116 796 3267 ⁵⁰eleruni·mi,1nim⁶m
812 3118 948 3202 reliquit.

191 3225 209 3266 e
249 3224 320 3267 eam
359 3225 457 3266 nmus
498 3215 623 3279 ercu1t,
673 3214 722 3268 ter
781 3225 814 3267 0:

115 3298 146 3352 et
163 3287 268 3352 minus
285 3224 496 3353 illepnocens.p
526 3288 618 3365 mihi,
636 3225 922 3374 quamepirofitebar
939 3314 1055 3369 amare,

156 3374 285 3438 laesast:
304 3373 446 3456 Tydides
464 3396 577 3438 saevus
594 3375 628 3438 in
645 3375 735 3439 hoste
752 3374 823 3440 fuit.

113 3459 124 3523 i
142 3480 242 3536 nnuc,
259 3459 445 3544 magnificos
462 3459 564 3524 victor
581 3460 691 3524 molire
708 3459 894 3546 triumphos,

157 3545 249 3631 cinge
267 3567 391 3611 comam
408 3546 498 3610 lauro
516 3556 651 3629 votaque
669 3545 766 3611 redde
784 3546 868 3611 lovil

114 3652 261 3714 quaeque
277 3641 349 3694 tuos
367 3652 477 3695 currus
495 3631 664 3696 comitatus
681 3631 775 3697 turba
792 3647 950 3716 sequetur,

157 3718 270 3782 clamet
289 3715 334 3780 ‘io
352 3715 426 3780 forti
443 3715 528 3781 vieta
545 3717 652 3802 puella
669 3717 736 3781 viro
755 3717 831 3783 estl'

114 3815 187 3867 ante
205 3813 257 3867 eat
274 3802 376 3868 effuso
394 3801 491 3867 tristis
509 3802 635 3888 captiva
652 3804 776 3889 capillo,

157 3889 183 3952 si
201 3888 337 3953 sinerent
356 3887 474 3966 laesae,
494 3889 629 3953 candida
646 3900 726 3966 tota,
743 3912 854 3974 genae.

114 3973 218 4059 aptius
236 3972 386 4059 inpressis
404 3972 510 4038 fuerat
526 3975 624 4040 livere
641 3974 764 4040 labellis

104 4144 107 4153 Ι
156 4071 189 4125 et
205 4059 286 4123 collo
304 4058 413 4124 blandi
431 4059 533 4126 dentis
550 4058 667 4125 habere
686 4069 804 4127 notam.
