2604 4974
404 296 610 358 HEROIDUM
627 301 677 357 VI.
697 298 823 357 72-159.

145 426 326 513 praeradiat
343 424 442 491 stellis
460 425 553 511 signa
570 424 693 488 minora
711 424 786 488 suis.

103 513 162 578 dos
179 512 239 576 tibi
257 512 398 576 Lemnos
416 511 489 586 erit,
507 523 592 575 terra
608 509 773 595 ingeniosa
791 510 916 575 colenti.

146 621 198 662 me
216 619 343 680 quoque
360 620 411 662 res
429 597 500 661 talis
517 597 599 660 inter
617 595 734 660 habere
751 606 851 681 potes.

104 705 190 748 nunc
208 685 303 748 etiam
321 683 439 767 peperi.
483 695 609 768 gratare
628 680 800 756 ambobus,
818 682 924 746 Iason.

148 769 241 833 dulce
259 768 336 831 mihi
352 769 504 854 gravidae
521 767 641 832 fecerat
658 777 768 832 auctor
785 789 875 830 onus.

105 855 182 920 felix
199 855 232 918 in
249 877 381 918 numero
399 875 526 937 quoque
544 876 628 929 sum,
646 852 831 938 prolemque
848 853 1027 938 gemellam,

149 940 283 1026 pignora
301 939 427 1004 Lucina
444 939 519 1003 bina
535 939 663 1004 favente
681 938 764 1003 dedi.

106 1026 134 1092 si
151 1026 292 1110 quaeris,
310 1025 363 1090 cui
381 1025 444 1089 sint
460 1025 591 1089 similes:
611 1024 811 1110 cognosceris
828 1024 900 1088 illis.

150 1112 260 1177 fallere
277 1133 342 1176 non
359 1124 476 1175 norunt
481 1136 490 1188 3
509 1123 614 1175 cetera
630 1110 728 1196 patris
745 1110 874 1174 habent.

105 1198 228 1283 legatos
246 1219 326 1281 quos
344 1219 444 1282 paene
463 1197 536 1261 dedi
553 1218 610 1281 pro
628 1208 728 1260 matre
745 1195 904 1261 ferendos.

149 1284 206 1348 sed
223 1282 324 1347 tenuit
341 1294 469 1366 coeptas
488 1305 583 1346 saeva
600 1304 737 1346 noverca
754 1282 832 1347 vias.

106 1369 258 1434 Medeam
276 1368 377 1432 timui.
420 1368 493 1453 plus
511 1379 559 1432 est
575 1368 694 1432 Medea
710 1389 856 1431 noverca.

148 1454 286 1520 Medeae
303 1454 426 1518 faciunt
443 1455 484 1518 ad
502 1455 605 1518 scelus
624 1475 716 1517 omne
735 1476 857 1517 manus.

107 1563 256 1629 spargere
274 1560 356 1623 quae
374 1539 479 1603 fratris
498 1541 599 1624 potuit
616 1540 753 1604 lacerata
770 1561 827 1623 per
844 1559 937 1624 agros

150 1648 296 1711 corpora,
314 1624 501 1711 pignoribus
519 1634 662 1711 parceret
679 1625 734 1688 illa
750 1624 849 1689 meis?

107 1713 189 1777 hanc
206 1728 327 1788 tamen,
346 1732 365 1774 o
384 1712 514 1776 demens
534 1708 726 1794 Colchisque
744 1710 848 1775 ablate
865 1709 1006 1786 venenis,
1097 1775 1101 1781 ,

150 1798 262 1863 diceris
281 1797 478 1882 Hypsipyles
495 1796 715 1882 praeposuisse
733 1794 815 1860 torol

107 1884 240 1970 turpiter
256 1883 311 1947 illa
328 1884 432 1946 virum
449 1885 599 1968 cognovit
616 1883 760 1946 adultera
776 1881 882 1966 virgo:

149 1993 201 2035 me
219 1969 292 2046 tibi,
310 1979 404 2052 teque
421 1968 500 2032 mihi
517 1968 610 2033 taeda
628 1969 745 2053 pudica
762 1968 857 2031 dedit.

107 2055 246 2141 prodidit
262 2055 317 2119 illa
333 2065 470 2139 patrem:
488 2054 580 2139 rapui
598 2053 637 2118 de
656 2054 745 2118 clade
763 2053 920 2117 Thoanta.

151 2141 289 2206 deseruit
307 2137 459 2205 Colchos:
477 2163 529 2205 me
547 2162 619 2204 mea
636 2140 777 2203 Lemnos
795 2138 900 2204 habet.

107 2227 186 2312 quid
203 2226 313 2302 refert,
332 2227 485 2291 scelerata
501 2225 587 2310 piam
606 2225 633 2288 si
650 2225 755 2289 vincet
773 2235 804 2289 et
820 2224 889 2310 ipso

152 2312 282 2378 crimine
299 2312 407 2376 dotata
425 2322 472 2376 est
489 2311 686 2394 emeruitque
704 2310 826 2374 virum?

109 2398 324 2463 Lemniadum
342 2397 465 2462 facinus
484 2399 587 2483 culpo,
605 2418 670 2460 non
687 2397 793 2471 miror,
811 2395 917 2459 Iason.

150 2483 292 2568 qualibet
308 2483 395 2548 iratis
413 2483 481 2568 ipse
499 2484 554 2547 dat
571 2505 659 2547 arma
676 2482 774 2546 dolor.

109 2571 165 2640 dic,
179 2592 254 2655 age,
272 2569 298 2633 si
316 2570 433 2648 nentis,
451 2583 487 2633 ut
505 2569 656 2653 oportuit,
675 2579 763 2632 actus
781 2566 897 2649 iniquis

152 2656 301 2721 intrasses
319 2667 428 2739 portus
447 2665 546 2738 tuque
564 2675 734 2736 comesque
751 2674 849 2726 meos,

109 2741 266 2824 obviaque
284 2742 420 2806 exissem
437 2739 506 2804 fetu
525 2740 694 2804 comitante
711 2737 865 2824 gemello?
882 2773 924 2783 -

152 2827 273 2893 hiscere
290 2849 406 2909 nempe
424 2825 482 2890 tibi
499 2836 583 2890 terra
599 2824 742 2911 roganda
758 2822 833 2887 fuitl

109 2935 174 2998 quo
192 2913 283 2977 vultu
299 2922 405 2989 natos,
423 2933 487 2996 quo
505 2934 571 2988 me,
589 2913 753 2986 scelerate,
771 2909 915 2974 videres?

152 2999 303 3084 perfidiae
321 2998 421 3083 pretio
439 3019 504 3081 qua
520 3019 598 3062 nece
616 2997 731 3082 dignus
750 2995 838 3059 eras?

109 3086 177 3171 ipse
196 3085 324 3167 quidem
341 3106 398 3169 per
415 3106 467 3149 me
484 3095 572 3148 tutus
590 3104 763 3167 sospesque
781 3081 909 3146 fuisses:

152 3192 217 3234 non
234 3171 310 3254 quia
326 3181 362 3234 tu
380 3170 510 3255 dignus,
529 3170 585 3234 sed
602 3170 678 3252 quia
694 3167 779 3230 mitis
798 3189 868 3252 ego.

109 3257 218 3343 pelicis
235 3257 305 3341 ipsa
321 3277 410 3320 meos
427 3256 608 3340 implessem
626 3252 781 3338 sanguine
798 3252 915 3329 vultus,

153 3363 296 3426 quosque
315 3341 473 3406 veneficiis
492 3341 622 3404 abstulit
639 3340 694 3403 illa
712 3338 787 3402 suis.

110 3429 247 3494 Medeae
264 3427 384 3494 Medea
400 3427 511 3492 forem.
554 3425 668 3509 quodsi
685 3424 764 3508 quid
780 3423 821 3488 ab
840 3424 903 3488 alto

152 3514 254 3579 iustus
272 3513 362 3579 adest
379 3512 460 3578 votis
478 3513 622 3597 Iuppiter
638 3512 706 3596 ipse
725 3510 813 3587 meis,

111 3601 198 3686 quod
213 3599 313 3685 gemit
330 3599 524 3684 Hypsipyle,
542 3597 616 3662 lecti
633 3617 760 3680 quoque
777 3595 925 3660 subnuba
941 3596 1039 3660 nostri

154 3695 293 3751 maereat
310 3695 342 3749 et
357 3685 445 3770 leges
463 3684 577 3749 sentiat
594 3684 663 3768 ipsa
681 3704 765 3747 suas.

111 3787 209 3860 utque
228 3793 288 3856 ego
307 3770 460 3836 destituor
477 3769 615 3834 coniunx
633 3780 795 3850 materque
813 3767 958 3844 duorum,

154 3884 174 3925 a
191 3857 323 3921 totidem
340 3856 422 3920 natis
441 3855 519 3920 orba
536 3854 577 3919 sit
593 3877 676 3939 aque
694 3854 772 3918 viro.

110 3969 171 4014 neo
188 3943 272 4008 mule
288 3954 380 4026 parta
398 3942 452 4006 diu
470 3950 590 4017 teneat,
608 3941 762 4026 peiusque
779 3939 950 4021 relinquat:

155 4032 276 4103 exulet‚
294 4040 326 4093 et
342 4038 408 4093 toto
426 4036 558 4111 quaerat
574 4026 608 4091 in
626 4027 701 4091 orbe
719 4026 840 4110 fugam.

109 4142 210 4210 quam
227 4115 317 4184 fratri
332 4136 487 4203 germana
503 4112 565 4181 fuit
581 4112 764 4201 miseroque
777 4111 909 4202 parenti
