2604 4974
211 718 253 787 68
546 735 579 790 Ρ.
599 735 708 792 ovini
725 733 888 790 ursonis

252 860 387 945 pignora
404 859 534 945 polliciti
551 881 615 924 non
632 859 691 922 tibi
709 859 799 922 tarda
816 857 910 921 dabo.

210 946 251 1010 sit
268 946 424 1009 tumidum
442 945 551 1029 paucis
570 946 665 1009 ctiam
682 967 767 1009 nunc
784 943 929 1008 noctibus
947 962 1079 1026 aequor:

252 1031 297 1096 ire
315 1054 372 1116 per
388 1032 503 1095 invitas
521 1054 560 1095 cx
584 1030 720 1095 eriemur
738 1052 847 1114 aquas.

144 1137 192 1185 195
211 1127 265 1181 aut
282 1117 359 1180 mihi
377 1117 539 1201 continget
555 1054 632 1180 lilix
649 1116 783 1180 audacia
799 1115 898 1190 salvo,

253 1213 309 1265 aut
325 1224 409 1266 mors
427 1202 551 1266 solliciti
568 1202 640 1265 finis
658 1203 772 1265 amoris
791 1201 859 1265 erit.

211 1287 328 1373 optabo
346 1299 465 1363 tamen,
483 1299 520 1350 ut
536 1288 634 1372 partis
652 1288 792 1371 expellar
807 1287 840 1350 in
858 1286 928 1349 illas

253 1383 285 1438 et
302 1383 431 1437 teneant
447 1383 556 1458 portus
573 1372 729 1457 naufraga
746 1373 889 1436 membra
905 1384 987 1435 tuos.

210 1458 300 1524 flebis
318 1459 401 1522 enim
419 1469 568 1541 tactuque
586 1481 692 1522 meum
711 1458 883 1542 dignabere
901 1478 1015 1541 corpus

143 1564 194 1613 000
254 1556 285 1608 00
303 1543 439 1608 ‘mortis'
458 1544 543 1608 dices
562 1544 649 1607 ‘huic
668 1565 728 1628 ego
747 1565 843 1607 00000
860 1542 927 1606 fui!

212 1629 331 1694 scilicet
347 1629 491 1698 interitus
509 1628 678 1693 offenderis
696 1629 799 1693 omine
816 1629 924 1703 nostri,

252 1715 419 1798 litteraque
436 1714 538 1779 invisa
556 1725 604 1778 000
620 1715 680 1778 hac
698 1737 769 1778 mea
786 1725 874 1799 parte
891 1713 967 1777 tibi?

212 1799 335 1868 desino:
354 1823 449 1886 parce
465 1799 565 1883 queri.
609 1800 665 1865 sed
683 1812 719 1864 ut
736 1812 768 1865 et
784 1823 871 1864 marc
888 1799 978 1862 finiat
994 1798 1084 1873 iram,

254 1887 420 1962 accedant,
439 1907 573 1969 quaeso,
592 1885 643 1950 fac
662 1897 717 1950 tua
735 1897 809 1949 vota
826 1885 914 1950 meis.

144 1990 193 2038 205
210 1994 289 2058 pace
308 1972 396 2036 brevi
413 1971 505 2036 nobis
523 1994 602 2057 opus
620 1983 681 2048 000,
700 1972 776 2035 dum
794 1971 964 2035 transferor
981 1969 1055 2034 isto:

253 2079 326 2122 cum
344 2069 400 2121 tua
417 2057 578 2143 contigero
595 2056 702 2135 litora,
720 2068 838 2141 perstet
854 2057 987 2141 hiemps.

210 2142 282 2209 istic
300 2154 348 2208 cst
365 2154 474 2227 aptum
491 2153 617 2207 nostrae
634 2144 747 2207 navale
765 2143 900 2218 carinae,

254 2239 286 2294 et
303 2229 414 2292 melius
431 2228 519 2292 nulla
536 2239 598 2292 stat
614 2252 685 2293 mea
702 2229 818 2313 puppis
836 2249 928 2311 aqua.

211 2314 275 2379 illio
293 2337 343 2378 mc
362 2314 489 2377 claudat
506 2313 633 2390 boreas,
650 2314 706 2377 ubi
724 2314 816 2379 dulce
834 2313 950 2377 morari
968 2325 1032 2377 est:

144 2418 194 2466 210
254 2411 330 2465 tuno
347 2398 439 2484 piger
455 2399 497 2461 ad
514 2398 669 2473 nandum,
688 2411 764 2463 0000
781 2421 842 2484 ego
860 2411 971 2464 cautus
990 2419 1042 2462 ero

211 2507 271 2551 000
287 2484 403 2549 faciam
420 2484 523 2547 surdis
541 2484 684 2548 convicia
700 2485 848 2549 fluctibus
865 2485 930 2548 ulla

254 2570 342 2635 triste
359 2580 506 2634 nataturo
523 2592 582 2634 neo
599 2590 715 2652 querar
732 2593 800 2635 esse
818 2570 944 2634 fretum.

211 2679 262 2721 me
280 2655 397 2741 pariter
414 2656 498 2720 vent'
518 2665 647 2719 teneant
664 2655 826 2737 tenerique
843 2655 961 2731 lacerti,

252 2764 311 2827 per
327 2763 438 2805 causas
456 2740 526 2804 istic
543 2740 748 2825 inpediarque
765 2742 854 2805 duas.

144 2844 193 2893 215
212 2849 286 2892 oum
302 2826 440 2912 patietur
456 2825 595 2911 hiemps,
612 2827 706 2891 remis
724 2848 784 2911 ego
803 2826 940 2911 corporis
958 2837 1043 2889 utar:

253 2914 362 2977 lumen
379 2912 412 2975 in
429 2923 560 2996 aspectu
578 2923 613 2976 tu
631 2913 726 2977 modo
744 2934 868 2997 semper
885 2911 977 2975 habe.

211 2999 331 3081 interea
348 3019 406 3083 pro
423 3020 474 3062 me
491 3008 654 3082 pernoctet
671 2998 807 3083 epistula
824 3008 939 3074 tecum,

255 3107 351 3168 quam
369 3105 481 3168 precor
497 3094 533 3147 ut
550 3083 679 3147 minima
696 3106 870 3169 prosequar
886 3084 954 3168 ipse
971 3104 1068 3146 mora.

658 3236 791 3303 XVIII.

213 3338 321 3421 Quam
337 3339 414 3403 mihi
431 3339 544 3404 misisti
561 3339 681 3416 verbis,
699 3338 861 3414 Leandre,
880 3339 1014 3403 salutem
1130 3354 1202 3407 Hero

254 3436 291 3489 00
307 3426 426 3509 possim
444 3425 574 3489 missam
591 3424 686 3489 rebus
703 3424 835 3501 habere,
854 3424 939 3489 venil
1101 3423 1230 3475 Leandro.

212 3512 309 3594 longa
324 3532 414 3574 mora
431 3521 480 3576 000
496 3510 588 3574 nobis
605 3509 721 3586 omnis,
740 3531 821 3593 quae
839 3510 957 3595 gaudia
975 3509 1090 3574 differt.

256 3596 297 3659 da
314 3595 439 3661 veniam
456 3594 576 3660 fassae:
594 3617 659 3658 non
676 3595 831 3679 patienter
848 3618 930 3659 amo.

179 3702 195 3749 5
212 3681 334 3746 urimur
350 3680 425 3766 igne
442 3680 511 3765 pari
517 3705 526 3757 3
544 3680 600 3744 sed
619 3702 689 3743 sum
706 3680 765 3744 tibi
783 3680 902 3744 viribus
919 3681 1023 3765 inpar:

254 3766 368 3830 fortius
384 3766 548 3850 ingenium
566 3766 708 3850 suspicor
725 3788 794 3830 0000
811 3767 896 3830 viris.

212 3862 249 3917 ut
266 3873 395 3936 corpus,
414 3851 528 3915 teneris
545 3850 590 3914 ita
606 3874 696 3915 mens
713 3851 838 3915 infirma
855 3851 982 3936 puellis:

255 3936 414 4012 deficiam,
432 3936 523 4021 parvi
540 3937 690 4021 temporis
708 3937 790 4001 adde
807 3959 938 4001 moram.

212 4043 269 4087 vos
286 4022 381 4085 modo
399 4021 544 4086 venando
561 4022 657 4085 modo
674 4045 728 4086 rus
746 4023 870 4107 geniale
889 4022 1022 4086 colendo

163 4127 195 4176 10
254 4106 371 4193 ponitis
387 4106 422 4170 in
438 4106 527 4171 varia
543 4118 686 4193 tempora
702 4108 799 4192 longa
815 4129 914 4172 mora.

213 4204 268 4257 ant
284 4192 355 4257 fora
371 4213 428 4256 vos
446 4192 581 4257 retinent
598 4203 654 4256 aut
670 4204 784 4257 unctae
803 4192 886 4256 dona
903 4194 1088 4294 palaestrae,

254 4277 379 4343 flectitis
396 4286 452 4342 aut
468 4277 558 4343 freno
576 4277 659 4342 oolla
676 4277 820 4361 sequacis
839 4300 927 4362 equ13

102 4404 108 4413 ·
212 4384 298 4428 0000
314 4363 475 4427 volucrem
491 4364 622 4447 laqueo,
640 4384 724 4426 0000
740 4363 860 4447 piscem
878 4364 992 4428 ducitis
1014 4364 1119 4439 hamo,

255 4446 386 4513 diluitur
400 4447 504 4533 posito
522 4448 620 4513 serior
637 4447 715 4512 hora
732 4469 829 4513 mero.

81 4510 117 4608 di
147 4526 195 4609 'tt
211 4532 262 4603 his
279 4531 358 4603 milti
375 4543 565 4612 summotae,
583 4533 634 4607 vel
651 4534 800 4606 siminus
817 4534 931 4607 aorit‘er
948 4558 1032 4617 urar,
1124 4562 1127 4567 ·
