2604 4974
359 212 528 272 uuosuu
542 213 914 284 uls.1.11‚ss-1v‚42.
1108 194 1151 261 83

97 460 123 505 n
606 406 665 472 IV.

78 536 81 581 ς
110 440 191 593 gfff}
204 529 274 573 tuus
292 518 341 572 est
358 507 468 593 epulas
485 506 577 572 nobis
594 507 738 574 aditurus
756 507 895 575 easdem.

89 610 160 699 Ψ·
172 592 276 659 ultima
294 615 373 658 cena
390 607 446 657 tuo
463 592 519 670 sit,
537 615 660 679 precor,
677 594 732 658 illa
750 593 828 658 viro.

104 698 203 767 netgo
219 701 279 766 ego
297 679 445 744 dilectam
462 690 585 744 tantum
603 681 738 744 conviva
755 681 895 766 puellam

107 804 115 841 ,-
168 765 336 866 aspiciam?
362 765 450 850 tangi
468 786 563 848 quem
581 764 683 841 iuvet,
702 767 781 830 alter
799 765 876 830 erit?

112 848 315 935 :ulteriusque
333 849 420 915 sinus
439 865 512 935 apte
530 850 672 916 subiecta
689 851 832 916 fovebis?

164 936 272 1002 iniciet
289 937 384 1013 collo,
402 958 475 1001 cum
493 937 592 1012 volet,
614 937 667 1001 ille
684 937 834 1001 manum?

125 1022 232 1089 desine
250 1022 372 1098 mirari,
389 1022 493 1108 posito
511 1023 597 1106 quod
615 1022 750 1086 candida
768 1022 843 1086 vino

164 1108 294 1174 Atracis
311 1108 478 1194 ambiguos
495 1108 592 1173 traxit
608 1107 642 1172 in
659 1131 747 1173 arma
764 1108 859 1173 viros.

121 1216 181 1260 nec
198 1193 277 1258 mihi
295 1194 375 1259 silva
392 1195 519 1268 domus,
538 1215 597 1258 nec
615 1216 697 1277 equo
716 1216 786 1259 mea
804 1193 946 1260 membra
964 1191 1147 1258 cohaerent:

163 1279 219 1344 vix
237 1303 257 1345 a
274 1290 306 1346 te
323 1279 434 1345 videor
450 1301 544 1365 posse
562 1294 670 1345 tenere
687 1302 810 1344 manus.
1168 1297 1200 1347 lo

120 1386 206 1450 quae
224 1365 282 1431 tibi
299 1366 363 1430 sint
379 1364 527 1431 facienda
544 1376 666 1442 tamen,
684 1387 856 1450 cognosce,
874 1386 934 1430 nec
952 1363 1037 1431 euris

164 1451 206 1516 da
224 1474 297 1516 mea
313 1473 373 1516 nec
389 1451 503 1537 tepidis
521 1451 620 1516 verba
637 1452 768 1516 ferenda
785 1451 878 1518 notis.

119 1551 196 1603 ante
214 1537 301 1613 veni,
320 1559 417 1621 quam
434 1537 492 1601 vir.
535 1559 595 1602 nec
613 1537 705 1620 quid,
724 1537 751 1601 si
769 1538 893 1603 veneris
911 1548 994 1611 ante,

163 1623 266 1709 possit
282 1623 350 1709 agi,
369 1622 461 1687 video
480 1658 523 1668 —
540 1623 598 1687 sed
614 1636 722 1687 tamen
739 1637 812 1687 ante
831 1623 913 1688 veni.

120 1730 196 1774 cum
213 1720 336 1794 premet
352 1708 405 1773 ille
422 1719 540 1784 torum,
559 1709 648 1773 vultu
666 1731 771 1773 comes
789 1710 859 1795 ipsa
876 1708 1019 1773 modesto
1168 1726 1198 1774 15

164 1794 242 1872 ibis,
260 1805 296 1859 ut
313 1794 498 1859 accumbas:
518 1795 599 1859 clam
617 1794 694 1859 mihi
712 1808 809 1881 tange
826 1795 952 1880 pedem.

119 1902 173 1945 me
192 1892 302 1966 specta
319 1892 479 1963 nutusque
497 1902 584 1946 meos
603 1880 787 1963 voltumque
804 1882 984 1964 loquacem:

165 1966 277 2052 excipe
294 1966 428 2030 furtivas
446 1978 478 2030 et
494 1966 579 2031 refer
594 1967 665 2051 ipsa
682 1978 784 2031 notas.

120 2051 221 2118 verba
238 2051 414 2137 superciliis
432 2052 500 2117 sine
518 2074 596 2118 voce
614 2052 777 2136 loquentia
794 2052 913 2117 dicam:

164 2138 263 2203 verba
278 2140 366 2223 leges
384 2137 506 2223 digitis,
525 2138 624 2203 verba
641 2150 751 2203 notata
761 2141 865 2203 'mero

119 2246 197 2290 cum
213 2223 271 2289 tibi
289 2234 451 2289 succurret
468 2223 603 2289 Veneris
620 2223 752 2289 lascivia
768 2235 905 2301 nostrae,

164 2331 340 2396 purpureas
357 2321 466 2374 tenero
483 2309 597 2395 pollice
615 2321 710 2395 tange
727 2332 837 2395 genas.

120 2395 227 2480 siquid
244 2395 317 2470 erit,
335 2395 376 2459 de
393 2416 445 2459 me
462 2396 558 2461 tacita
576 2396 662 2479 quod
680 2408 784 2461 mente
802 2395 952 2479 loquaris,

164 2482 301 2567 pendeat
318 2491 459 2546 extrema
476 2481 579 2546 mollis
598 2481 639 2546 ab
658 2504 734 2547 aure
752 2504 875 2546 manus.

120 2588 196 2632 cum
213 2566 286 2644 tibi,
305 2589 387 2651 quae
405 2566 535 2644 faciam,
553 2590 625 2632 mea
641 2568 712 2644 lux,
731 2566 888 2642 dicamve,
906 2565 1087 2652 placebunt,

165 2664 308 2719 versetur
325 2652 432 2738 digitis
449 2654 563 2717 anulus
581 2674 684 2736 usque
702 2652 774 2717 tuis.

120 2751 218 2825 tange
235 2761 332 2803 manu
350 2760 507 2814 mensam,
525 2749 662 2803 tancunt
678 2759 742 2821 quo
760 2760 847 2803 more
864 2749 1041 2823 precantes,

165 2824 289 2910 optabis
308 2825 419 2888 merito
438 2846 511 2889 cum
529 2791 732 2889 malamulta
749 2825 827 2889 viro.

121 2910 210 2996 quod
227 2910 284 2974 tibi
302 2909 476 2986 miscuerit,
495 2910 614 2996 sapias,
633 2909 722 2975 bibat
738 2910 821 2997 ipse,
840 2909 962 2983 iubeto:

165 3008 201 3060 tu
217 3019 352 3082 puerum
369 2995 481 3062 leviter
498 3018 609 3083 posce,
628 2996 715 3080 quod
732 2997 802 3082 ipsa
819 2996 918 3061 voles.

122 3103 205 3166 quae
223 3094 258 3146 tu
275 3082 462 3158 reddideris,
481 3104 542 3168 ego
559 3083 680 3168 primus
697 3083 812 3167 pocula
829 3105 963 3158 sumam,

166 3178 278 3250 etqua
295 3178 330 3231 tu
348 3166 480 3244 biberis,
497 3169 558 3233 hac
575 3190 636 3254 ego
654 3183 744 3253 parte
762 3167 880 3232 bibam.

122 3253 149 3317 si
167 3252 225 3317 tibi
242 3253 322 3317 forte
341 3252 444 3329 dabit,
462 3254 548 3336 quod
566 3254 818 3339 praegustaverit
834 3253 913 3339 ipse,

165 3338 248 3404 reice
265 3338 380 3402 libatos
397 3338 481 3403 illius
500 3360 554 3404 ore
573 3339 671 3404 cibos.

121 3445 182 3489 nec
200 3435 323 3524 premat
339 3423 482 3509 inpositis
499 3424 593 3489 sinito
610 3436 667 3489 tua
683 3424 765 3489 colla
781 3423 917 3495 lacertis.

166 3523 243 3575 mite
260 3532 319 3574 nec
337 3509 370 3573 in
386 3509 489 3595 rigido
507 3522 635 3595 pectore
651 3531 734 3594 pone
753 3523 859 3596 caput,

121 3618 183 3661 nec
200 3596 287 3660 sinus
305 3595 451 3661 admittat
467 3595 584 3680 digitos
601 3594 763 3661 habilesve
781 3596 934 3682 papillae3

166 3683 275 3747 oscula
291 3681 462 3766 praecipue
479 3682 567 3746 nulla
584 3681 709 3747 dedisse
727 3681 814 3745 velis.

122 3768 233 3833 oscula
250 3766 277 3831 si
295 3766 433 3843 dederis,
452 3766 526 3831 fiam
544 3766 731 3831 manifestus
748 3777 880 3842 amator,

166 3865 198 3918 et
216 3852 320 3916 dicam
339 3860 425 3916 ‘mea
442 3853 529 3918 sunt’
548 3852 738 3936 iniciamque
756 3875 897 3916 manum.

124 3939 205 4003 haec
222 3952 329 4002 tamen
348 3937 509 4023 aspiciam.
552 3937 610 4004 sed
627 3959 709 4021 quae
726 3935 808 4002 bene
825 3937 924 4023 pallia
941 3937 1055 4015 celant,

165 4026 221 4088 illa
240 4023 316 4088 mihi
334 4023 420 4089 caeci
437 4045 533 4090 causa
550 4023 670 4090 timoris
689 4039 790 4089 eruut.

949 4124 984 4178 Q}
