2604 4974
258 237 372 298 ARTIS
389 243 617 299 AMATORIAE
634 243 707 298 LIB.
725 242 748 298 Ι.
766 236 911 298 ast-341.
1035 222 1101 290 149·

118 365 263 449 quamvis
281 366 322 430 sit
339 367 491 443 mendax,
511 363 608 432 Creta
625 388 742 452 negare
760 375 873 450 potest.

76 453 146 537 ipsa
164 473 263 515 novas
281 451 409 516 frondes
427 463 460 517 et
475 464 566 537 prata
583 452 751 517 tenerrima
768 462 859 515 tauro

119 538 219 602 fertur
235 537 400 601 inadsueta
418 538 615 603 subsecuisse
633 560 739 601 manu.

76 623 101 686 it
118 644 222 687 eomes
241 623 404 698 armentis,
422 645 482 688 nec
499 624 614 686 ituram
633 645 708 688 cura
725 632 866 686 moratur

120 707 276 792 coniugis,
295 720 325 773 et
342 708 450 772 Minos
469 733 488 772 a
506 709 586 773 bove
605 709 706 774 victus
725 719 800 773 erat.

77 815 140 878 quo
158 793 230 870 tibi,
247 793 422 878 Pasiphae,
440 795 592 879 pretiosas
610 816 734 859 sumere
752 792 875 859 vestes?

118 879 171 943 ille
189 890 262 942 tuus
280 879 383 943 nullas
401 880 495 944 sentit
512 881 634 944 adulter
652 901 737 964 opes.

77 965 153 1048 quid
171 964 228 1027 tibi
246 985 318 1028 cum
336 966 478 1049 speculo,
496 977 645 1029 montana
663 976 804 1029 armenta
822 962 960 1049 petenti?

120 1049 197 1131 quid
213 1049 328 1114 totiens
346 1050 464 1134 positas
482 1051 589 1136 fingis,
607 1052 731 1135 inepta,
748 1049 873 1115 comas?

78 1136 171 1200 erede
188 1147 294 1199 tamen
312 1136 456 1220 speculo,
474 1136 560 1219 quod
578 1148 608 1200 te
626 1148 722 1222 negat
740 1158 809 1199 esse
826 1135 1003 1199 iuvencam.

120 1242 216 1304 quam
233 1241 364 1306 cuperes
382 1221 477 1285 fronti
496 1243 614 1286 cornua
630 1233 705 1285 nata
723 1219 810 1285 tuael

77 1306 144 1371 sive
161 1306 265 1391 placet
281 1306 406 1370 Minos:
425 1307 530 1370 nullus
549 1318 717 1390 quaeratur
735 1306 872 1381 adulter3

120 1392 186 1455 sive
204 1392 307 1455 virum
324 1391 425 1455 mavis
443 1392 564 1456 fallere:
583 1392 658 1456 falle
675 1391 757 1455 viro!

77 1477 110 1541 in
128 1499 240 1541 nemus
258 1488 295 1547 et¹
307 1478 406 1541 saltus
424 1477 562 1541 thalamo
580 1477 690 1562 regina
706 1477 815 1541 relicto

119 1563 229 1639 fertur,
248 1572 284 1626 ut
301 1562 407 1625 Aonio
426 1564 548 1628 concita
566 1562 686 1626 baccha
703 1563 773 1626 deo.

78 1673 113 1725 a,
132 1648 277 1730 quotiens
295 1669 425 1711 vaccam
442 1649 530 1712 vultu
548 1648 701 1732 spectavit
716 1648 825 1730 iniquo

121 1745 152 1798 et
170 1733 249 1797 dixit
266 1732 408 1796 ‘domino
427 1755 482 1797 cur
498 1734 603 1818 placet
619 1732 680 1797 ista
697 1733 788 1796 meo?

78 1822 200 1905 aspice,
231 1827 267 1881 ut
292 1829 365 1882 ante
382 1819 486 1903 ipsum
504 1819 618 1884 teneris
637 1819 756 1882 exultet
773 1817 805 1881 in
822 1817 943 1882 herbis:

120 1925 178 1968 nec
196 1903 321 1980 dubito,
340 1904 416 1986 quin
434 1926 468 1968 se
487 1905 582 1968 stulta
600 1904 711 1969 decere
729 1903 838 1988 putet’

78 1990 157 2053 dixit
174 2003 205 2053 et
222 1989 343 2074 ingenti
360 1989 545 2053 iamdudum
564 1990 603 2054 de
620 2011 718 2075 grege
736 1989 810 2054 duci

120 2075 211 2138 iussit
230 2090 262 2138 et
278 2075 455 2139 inmeritam
473 2075 533 2139 sub
551 2075 627 2160 iuga
645 2097 742 2140 curva
758 2074 850 2151 trahi,

77 2172 134 2225 aut
151 2160 262 2224 cadere
281 2171 353 2224 ante
371 2183 441 2224 aras
459 2173 699 2243 commentaque
716 2182 805 2225 sacra
823 2158 927 2244 coegit

121 2257 152 2310 et
170 2245 271 2309 tenuit
287 2246 370 2309 laeta
386 2245 514 2330 paelicis
533 2258 606 2310 exta
623 2269 729 2309 manu.

76 2330 249 2417 paelicibus
268 2331 411 2414 quotiens
429 2331 566 2414 placavit
582 2331 711 2395 numina
729 2331 838 2405 caesis,

120 2427 216 2498 atque
234 2416 278 2480 ait
296 2427 368 2480 exta
385 2429 495 2490 tenens
514 2417 583 2492 ‘ite,
601 2417 723 2501 placete
740 2415 841 2480 meol'

77 2514 109 2568 et
126 2502 221 2565 modo
239 2523 272 2566 se
290 2501 442 2586 Europen
459 2502 541 2578 fieri,
559 2503 653 2566 modo
671 2502 811 2586 postulat
827 2500 875 2576 Io,

120 2588 219 2651 altera
236 2587 321 2670 quod
338 2587 396 2650 bos
414 2598 476 2663 est,
495 2587 592 2651 altera
610 2598 701 2651 vecta
718 2587 808 2650 bove.

76 2674 159 2738 hanc
176 2684 283 2737 tamen
300 2672 443 2758 implevit
461 2694 558 2737 vacca
576 2673 725 2756 deceptus
744 2693 858 2736 acerna

120 2759 186 2822 dux
203 2757 325 2842 gregis,
345 2769 376 2822 et
393 2770 502 2843 partus
520 2758 663 2842 proditus
681 2767 791 2821 auctor
808 2767 885 2820 erat

78 2842 195 2909 Cressa
212 2844 372 2927 Thyesteo
391 2844 418 2906 si
436 2867 470 2908 se
489 2843 692 2908 abstinuisset
711 2864 814 2906 amore

119 2929 175 3012 (en
193 2942 347 3013 quantum
365 2941 426 3005 est,
443 2929 500 2992 uni
517 2950 609 3013 posse
627 2928 751 3013 placere
768 2925 876 3012 virol),

77 3036 142 3079 non
160 3015 300 3078 medium
316 3014 454 3099 rupisset
471 3015 531 3079 iter
548 3035 704 3097 curruque
722 3025 838 3078 retorto

120 3100 279 3163 Auroram
298 3101 395 3163 versis
413 3099 564 3165 Phoebus
582 3100 699 3164 adisset
716 3099 815 3182 equis.

77 3186 142 3249 filia
160 3206 334 3269 purpureos
351 3184 430 3249 Niso
448 3186 553 3249 furata
571 3185 699 3270 capillos

120 3270 205 3355 pube
222 3270 336 3354 premit
354 3270 480 3334 rabidos
498 3271 745 3355 inguinibusque
764 3291 867 3334 canes.

77 3357 132 3440 qui
150 3357 288 3419 Martem
306 3366 404 3432 terra,
422 3357 608 3441 Neptunum
627 3355 739 3454 effugit
756 3354 789 3419 in
807 3355 909 3430 undis,

122 3441 265 3525 coniugis
282 3441 412 3505 Atrides
431 3442 559 3506 victima
576 3441 645 3504 dira
662 3440 732 3504 fua

78 3528 132 3592 eui
149 3549 212 3590 non
231 3525 344 3590 defleta
362 3537 410 3591 est
427 3526 616 3611 Ephyraeae
633 3527 761 3590 flamma
779 3523 919 3590 Creusae

122 3624 154 3677 et
170 3634 247 3677 nece
264 3623 410 3675 natorum
429 3612 672 3697 sanguinulenta
688 3610 821 3696 parens?

78 3698 167 3763 flevit
182 3697 409 3782 Amyntorides
427 3719 484 3782 per
500 3698 606 3761 inania
623 3697 743 3761 lumina
759 3695 919 3760 Phoenix:

123 3783 336 3868 Hippolytum
354 3783 460 3868 pavidi
478 3783 649 3868 diripuistis
668 3781 751 3866 equi.

80 3868 158 3952 quid
175 3869 259 3932 sodis
275 3869 442 3944 inmeritis,
459 3869 601 3945 Phineu,
619 3891 677 3932 sua
694 3865 814 3931 lumina
830 3864 931 3930 natis?

122 3975 226 4039 poena
243 3976 408 4018 reversura
425 3954 522 4019 estin
540 3964 636 4038 caput
651 3954 712 4017 ista
729 3964 828 4016 tuum.

80 4040 187 4107 omnia
203 4039 341 4107 feminea
358 4050 432 4107 sunt
448 4039 509 4107 ista
525 4040 654 4110 libidine
672 4048 771 4107 mota:
