2604 4974
266 307 433 365 snorum
449 308 522 363 mu.
542 308 593 362 111
612 307 680 378 xn
698 296 1097 382 ts-xrv,4s.137

76 443 185 496 necte
203 442 310 495 nostra
327 431 414 495 iubet
431 432 499 496 lieri
517 454 650 497 censura
667 432 826 518 pudicam,

120 517 176 581 sed
194 528 316 593 tamen,
334 528 370 581 ut
386 529 520 603 temptes
539 518 750 594 dissimulare,
767 528 868 603 rogat.

76 623 141 666 non
158 613 283 687 peccat,
302 623 522 686 quaecumque
539 614 642 688 potest
659 625 809 688 peccasse
826 625 953 689 negare,
1116 624 1131 672 5

120 688 249 770 solaque
267 687 422 752 famosam
440 688 533 773 culpa
550 688 785 772 professat
710 688 795 752 facit.

77 773 148 855 quis
166 772 254 836 furor
272 784 333 849 est,
352 795 434 856 quae
451 785 543 838 nocte
560 774 699 848 latent,
690 798 724 837 ιιι
740 774 811 838 luce
829 774 876 838 fat
863 773 932 850 teri,

120 869 152 922 et
170 879 253 941 quae
271 821 352 922 elain
369 859 482 935 facias,
500 859 586 923 facta
602 859 719 924 referre
737 859 862 943 palam?

70 942 186 1027 'ignoto
204 944 352 1008 meretrix
369 965 484 1028 corpus
500 943 647 1008 iunctura
664 941 782 1025 Quiriti

120 1029 265 1113 opposita
282 1029 436 1128 populum
453 1040 631 1094 summovet
647 1041 719 1094 ante
738 1053 821 1095 sera.

77 1125 112 1177 tu
130 1127 186 1177 tua
202 1114 372 1213 prostitues
390 1114 495 1179 famae
512 1126 643 1199 peccata
660 1115 814 1191 sinistrae,

120 1199 279 1263 commissi
297 1221 431 1283 perages
448 1200 693 1283 indiciumquet
680 1201 746 1264 tui?

79 1283 119 1347 sit
136 1285 193 1349 tibi
209 1307 300 1349 mens
317 1285 437 1360 melior,
455 1286 631 1350 saltemve
621 1285 746 1352 imitare
762 1286 907 1371 pudicas:

119 1380 213 1453 teque
231 1369 378 1454 probam,
396 1371 541 1452 quamvis
558 1393 622 1434 non
640 1370 716 1447 eris,
734 1393 803 1436 esse
820 1382 939 1456 putem.

77 1476 160 1538 quae
177 1455 271 1530 facis,
289 1454 368 1519 haec
385 1455 496 1519 facito.
513 1467 635 1519 tanturn
654 1455 767 1520 fecisse
783 1467 910 1557 negato,

117 1562 178 1605 nec
195 1540 314 1624 pudeat
331 1562 437 1604 coram
454 1541 552 1604 verba
569 1541 712 1605 modesta
729 1542 827 1625 loqui.

76 1639 124 1690 est
141 1626 196 1708 qui
213 1625 386 1708 nequitiam
404 1627 491 1690 locus
510 1626 630 1711 exigat:
650 1627 797 1691 omnibus
813 1627 902 1691 illum

119 1710 239 1776 deliciis
256 1711 374 1811 inple,
374 1721 436 1775 stet
452 1713 563 1796 procul
579 1712 654 1776 inde
671 1712 782 1796 pudor

75 1796 150 1861 hinc
168 1796 261 1860 simul
279 1796 407 1874 exieris,
425 1797 556 1862 lascivia
572 1797 714 1883 protinus
732 1798 833 1863 omnis

118 1882 214 1958 absit,
233 1892 265 1947 et
281 1882 315 1945 in
331 1882 414 1947 lecto
432 1882 563 1947 crimina
579 1904 662 1984 ppne
680 1893 745 1948 ι.ιιο

75 1967 138 2032 illic
155 1989 215 2032 neo
232 1967 372 2032 tunicam
390 1967 448 2032 tibi
465 1968 505 2032 sit
522 1968 665 2069 posuisse
682 1968 795 2054 pudori

117 2075 176 2118 neo
194 2053 332 2118 femori
297 2053 439 2153 mposit
440 2074 494 2116 um
511 2053 697 2118 sustinuisse
714 2054 828 2118 femur

74 2137 138 2202 illic
156 2138 323 2223 purpureis
341 2138 495 2203 condatur
511 2139 621 2223 lingua
637 2139 770 2217 labellis,

116 2224 212 2306 inque
229 2225 341 2288 modos
359 2224 519 2289 Venerem
535 2224 620 2288 mille
637 2224 754 2324 figuret
772 2247 869 2289 amor.

73 2308 138 2373 illic
156 2332 215 2374 nec
232 2331 327 2375 voees
344 2331 404 2374 nec
421 2309 544 2374 verba
535 2309 677 2374 1uvantia
695 2321 827 2387 cessent,

116 2395 301 2479 spondaque
318 2395 438 2459 lasciva
454 2395 611 2459 mobilitat
598 2406 629 2460 te
647 2405 770 2460 tremat

73 2480 169 2544 indue
188 2503 261 2544 curn
278 2481 393 2545 tunicis
410 2491 604 2546 metuentem
622 2480 754 2545 crimina
771 2481 836 2545 vult
823 2491 901 2558 tum,

116 2577 148 2630 et
164 2567 267 2651 pudor
285 2565 478 2631 obscaenum
496 2566 668 2631 diffiteatur
684 2587 775 2666 opus.

74 2651 115 2714 da
132 2651 265 2750 populo,
283 2651 325 2716 da
342 2651 441 2716 verba
458 2651 543 2715 mihi.
589 2651 671 2729 sine,
688 2651 814 2716 nescius
832 2673 943 2727 errem,

116 2749 146 2800 et
166 2737 258 2801 liceat
276 2738 373 2801 stulta
391 2736 583 2837 credulitas
593 2737 665 2800 frui.

73 2843 130 2885 cur
147 2822 261 2886 totiens
280 2822 371 2887 video
389 2823 446 2887 mit
434 2823 471 2887 tti
487 2821 648 2907 recipique
666 2822 818 2887 tabellas?

116 2929 173 2970 cur
189 2931 317 2993 pressus
335 2908 421 2993 prior
438 2918 486 2972 est
501 2907 693 2991 interiorque
711 2908 819 2972 torus?

73 3015 130 3056 cur
147 2993 219 3078 plus
236 3014 334 3076 quarn
351 3015 462 3058 somno
479 2993 622 3058 turbatos
640 3016 709 3059 esse
727 2993 857 3078 capillos

116 3078 260 3161 collaque
278 3079 436 3164 conspicio
454 3079 556 3143 dentis
573 3078 691 3144 habere
708 3079 835 3143 notam?

73 3174 141 3227 tant
142 3186 197 3226 um
215 3186 279 3228 non
297 3167 405 3229 oculos
423 3165 541 3229 crimen
559 3164 688 3230 deducis
707 3164 773 3229 ad
764 3187 865 3249 rpsos.

116 3272 143 3312 οι
134 3248 288 3313 dubitas
305 3250 409 3314 famae
428 3273 571 3350 parcere,
589 3272 684 3336 parce
701 3250 787 3313 mihi.

71 3357 162 3398 mens
180 3334 259 3412 abit,
279 3346 310 3400 et
327 3335 452 3412 morior,
471 3335 616 3418 quotiens
633 3357 781 3420 peccasse
799 3335 917 3412 fateris,

115 3441 234 3504 perque
252 3442 338 3485 meos
356 3433 443 3485 artus
460 3420 578 3505 frigida
595 3431 687 3506 gutta
703 3421 783 3485 fluit

73 3517 149 3570 tunc
167 3528 251 3570 amo:
270 3518 346 3571 tunc
364 3506 417 3570 odi
434 3505 516 3570 frust
504 3517 565 3583 tra,
583 3506 669 3589 quod
688 3528 794 3571 amare
811 3527 939 3570 necesse
958 3518 1019 3571 est:

116 3604 192 3656 tunc
210 3613 284 3677 ego,
302 3592 359 3657 sed
376 3603 496 3669 tecum,
515 3603 658 3656 mortuus
676 3615 745 3657 esse
762 3592 867 3656 velim.

72 3677 115 3741 nil
135 3677 309 3760 equidem
299 3677 472 3760 mquiram,
489 3699 549 3742 nec
566 3697 648 3760 quae
667 3678 768 3742 celare
786 3676 926 3777 parabis,

116 3763 273 3845 insequar.
318 3773 349 3827 et
337 3761 472 3827 t:fallas
490 3762 629 3826 muneris
646 3762 744 3827 instar
761 3762 829 3827 erit.

73 3848 100 3912 si
118 3847 275 3912 tamenin
292 3848 396 3912 media
414 3849 598 3933 deprensat
585 3848 733 3913 tenebere
751 3848 853 3948 culpa,

115 3944 147 3998 et
164 3933 283 3998 fuerint
298 3933 398 3997 oculis
416 3935 532 4020 probra
550 3933 686 3998 videnda
703 3932 791 4009 meis,

72 4040 155 4102 quae
173 4018 302 4084 bene
273 4042 340 4083 vrsa
357 4019 434 4082 mihi
451 4018 761 4096 fuerint,benev1sa
778 4029 908 4105 negato:

116 4105 290 4170 concedent
306 4105 411 4170 verbis
428 4105 548 4170 lumina
565 4115 672 4169 nostra
689 4104 761 4170 tuis.
