2604 4974
384 291 589 351 HEROIDUM
606 292 656 349 IV.
675 292 802 348 50-137.

147 415 350 482 conciderant
365 415 420 480 illo
437 427 547 501 percut
535 415 632 480 tteien
649 415 750 480 ferae·

103 525 164 567 neo
181 512 287 567 tamen
304 502 458 601 Aurorae
468 501 550 566 male
569 523 603 565 se
620 501 794 600 praebebat
811 501 996 579 amandum3
1144 517 1176 567 95
1227 557 1230 563 ,

146 588 213 652 ibat
231 587 273 651 ad
289 586 375 651 huno
391 586 517 672 sapiens
535 609 555 650 a
572 609 647 652 sene
666 586 788 650 diva
757 608 836 650 vrro.

104 696 200 758 saepe
217 673 278 736 sub
294 672 420 737 ilicibus
438 673 597 738 Venerem
614 669 797 757 Cinyraque
815 683 955 737 creatum

149 758 298 823 sustinuit
314 758 434 858 positqs
451 757 612 840 quaelibet
599 757 728 822 therba
745 757 835 822 duos.

105 845 181 908 ursit
199 855 230 909 et
248 841 416 908 Oenides
407 867 441 906 ιιι
457 843 621 908 Maenalia
638 844 806 908 Atalanta·

148 931 203 994 illa
219 929 305 994 ferae
323 929 506 1014 spolium'
475 950 592 1015 prgnus
610 929 725 993 amoris
743 929 849 994 habet.

105 1037 164 1080 nos
182 1037 309 1099 quoque
326 1015 389 1078 ianr
407 1015 575 1098 primumt
563 1015 657 1079 turba
673 1037 876 1080 numeremur
893 1015 927 1078 in
943 1015 1018 1080 ista:

150 1125 176 1165 s1
167 1101 353 1166 Venerem
371 1101 477 1176 tollas,
495 1099 614 1164 rustica
631 1100 711 1164 silva
728 1112 784 1164 tua
801 1112 859 1165 est.

106 1186 177 1271 ipsa
195 1207 300 1250 comes
317 1187 458 1262 veniam,
476 1208 535 1251 nec
552 1208 604 1250 me
621 1186 779 1252 latebrosa
796 1187 968 1252 movebunt

150 1296 227 1336 saxa
243 1294 347 1356 neque
366 1272 493 1355 obliquo
512 1272 606 1336 dente
624 1272 781 1336 timendus
799 1295 886 1357 aper.

107 1380 245 1442 aequora
263 1358 338 1422 bina
356 1359 421 1422 suis
439 1358 627 1443 obpugnant
643 1357 792 1422 fluctibus
809 1358 962 1435 Isthmon,

151 1457 183 1508 et
199 1444 303 1508 tenuis
321 1444 414 1508 tellus
432 1444 573 1508 auditt
537 1466 559 1506 u
561 1456 708 1526 trumque
724 1465 821 1508 mare.

106 1529 158 1594 hio
176 1542 279 1594 tecum
298 1529 462 1594 Troezena
472 1530 682 1630 'colam3t
613 1528 682 1593 Pitt
683 1529 754 1592 he'1‘a
771 1551 884 1614 regna:

150 1616 213 1679 iam
231 1636 316 1679 nunc
334 1626 382 1680 est
399 1615 501 1700 patria
518 1637 577 1699 gra
578 1614 638 1678 tior
654 1614 708 1678 illa
726 1636 806 1678 mea.

109 1713 248 1785 tempore
267 1701 358 1765 abest
375 1698 554 1783 (aberitque
573 1699 642 1783 diu)
658 1700 744 1800 llept
746 1700 838 1764 unius
857 1699 964 1765 heros:

149 1788 239 1851 illum
255 1784 392 1850 Pirithoi
410 1786 472 1850 det
450 1798 528 1850 trnet
545 1808 601 1850 ora
619 1786 677 1849 sui.

108 1873 290 1958 praeposuit
307 1872 450 1937 Theseus
467 1907 511 1919 —
528 1872 588 1936 nisi
606 1893 664 1936 nos
681 1871 830 1937 manifest
817 1883 855 1936 ta
867 1894 1082 1957 negamus—

149 1958 328 2022 Pirithoum
345 1957 512 2023 Phaedrae
529 1957 772 2059 Pirithoumque
790 1958 857 2023 tibi.

109 2045 176 2108 sola
192 2066 252 2109 nec
269 2044 348 2108 haec
367 2044 408 2108 ad
424 2064 482 2107 nos
499 2043 614 2107 iniuria
632 2045 719 2108 venit
736 2045 776 2108 ab
793 2044 863 2109 illo·

150 2130 183 2194 in
201 2130 325 2215 magnis
343 2129 420 2194 laesi
437 2130 586 2193 rebust
550 2152 571 2192 u
574 2140 682 2212 terque
701 2153 820 2194 sumus.

110 2236 181 2280 ossa
198 2217 260 2279 mei
253 2184 366 2279 frat'
329 2226 384 2279 trrs
402 2216 494 2280 olava
509 2215 698 2299 perfractat
685 2215 800 2280 trinodi

148 2301 266 2402 sparsit
253 2301 380 2365 thumi.
425 2322 512 2365 soror
530 2312 578 2366 est
595 2302 714 2386 praeda
731 2302 820 2366 reliot
808 2312 840 2365 ta
857 2301 941 2366 feris.

110 2387 212 2473 prima
229 2387 425 2536 securigeras
442 2387 474 2450 in
476 2397 524 2451 ter
541 2387 656 2451 virtute
675 2388 797 2473 puellas

152 2486 182 2538 te
200 2473 337 2558 peperit,
355 2472 422 2537 nati
439 2472 584 2558 digna
555 2495 664 2558 vigore
682 2496 806 2558 parens.

110 2561 136 2625 si
154 2582 303 2644 quaeras,
322 2559 377 2622 ubi
396 2558 449 2622 sit·
467 2558 612 2659 Theseus
629 2560 674 2622 lat
661 2569 712 2622 tus
731 2582 805 2624 ense
823 2558 959 2644 peregi,
932 2568 958 2621 t·

152 2666 211 2710 neo
229 2655 316 2708 tanto
334 2655 435 2708 mater
451 2644 616 2729 pignoret
617 2656 673 2708 uta
617 2644 750 2708 utfuit
755 2644 763 2708 l

111 2744 143 2796 at
160 2755 200 2796 ne
217 2741 318 2830 nupta
336 2730 464 2813 quidem
482 2731 638 2814 taedaque
656 2740 787 2814 accepta
803 2728 902 2814 iugah

154 2839 219 2891 cur,
237 2815 298 2880 nisi
315 2839 355 2880 ne
374 2837 502 2900 caperes
521 2839 620 2900 regna
637 2829 692 2901 pat
693 2839 769 2880 erna
785 2814 921 2880 nothus?

112 2903 232 2966 addidit
249 2913 281 2967 et
298 2901 411 2966 fratres
430 2925 468 2966 ex
487 2923 538 2965 rue
556 2901 623 2965 tibi.
666 2922 746 2985 quos
764 2912 870 2965 tamen
888 2899 989 2964 omnis

153 3011 216 3052 non
235 3000 326 3074 egot
314 2987 443 3052 tollendi
461 3009 571 3064 causa,
590 2987 647 3051 sed
663 2987 716 3052 ille
734 2986 803 3051 fuit.

112 3098 131 3139 o
148 3075 269 3138 utinam
287 3074 431 3138 nocitura
448 3072 519 3148 tibi,
538 3073 747 3159 pulcherrime
764 3096 880 3150 rerum,

154 3161 186 3224 iu
203 3159 357 3224 medio
326 3182 398 3222 msu
416 3159 537 3223 viscera
553 3170 627 3244 rupt
628 3182 647 3222 a
615 3159 782 3224 ttlforen

113 3268 124 3310 1
140 3269 234 3322 nunc,
252 3245 298 3309 sic
316 3245 418 3310 meriti
435 3245 498 3308 lect
485 3255 552 3308 tum
570 3267 714 3309 reverere
731 3244 885 3345 parentis:

73 3342 84 3419 'q
154 3353 256 3432 quem·
267 3331 399 3430 fugitet
387 3330 508 3394 tfactis
527 3330 654 3393 abdicat
671 3330 723 3394 ille
742 3330 816 3394 suis.

113 3440 189 3494 nec,
204 3417 279 3501 quia
296 3416 443 3516 privigno
461 3416 569 3480 videar
588 3415 708 3479 coitura
725 3437 871 3492 noverca,

81 3516 85 3521 '
154 3503 322 3568 terruerint
341 3502 462 3566 animos
480 3502 608 3565 nomina
625 3524 708 3565 vana
725 3512 806 3570 tuos.

113 3591 172 3657 ista
190 3600 280 3654 vetus
320 3588 414 3664 ietas,
434 3602 514 3651 aevo
532 3587 610 3650 mori
613 3598 684 3650 tura
701 3587 818 3672 futuro,

156 3675 273 3740 rustica
291 3610 429 3739 daturno
447 3695 563 3771 regna
564 3683 672 3736 teuent
674 3695 691 3736 e
660 3667 778 3736 tfuit.

53 3770 58 3797 ¹
78 3830 82 3843 ,
114 3761 258 3847 Iuppiter
276 3782 345 3823 esse
363 3759 451 3845 pium
470 3757 578 3822 statuit
582 3758 833 3841 ,quodcumque
852 3756 987 3821 iuvaret:

54 3889 57 3897 ·
156 3861 188 3911 et
205 3847 254 3909 fas
272 3867 364 3910 omne
383 3844 457 3908 facit
475 3845 572 3908 fratre
590 3844 704 3907 marita
721 3865 818 3908 soror.

115 3934 168 3997 illa
186 3931 248 3995 coit
264 3931 356 3995 firma
372 3930 497 4029 generis
515 3929 661 3993 iunctura
679 3940 799 4002 eatena,

156 4016 307 4102 imposuit
324 4017 423 4080 nodos
442 4038 493 4080 eur
483 4014 648 4079 ''Venus
639 4037 710 4099 ipsa
728 4035 811 4078 suos

84 4185 87 4193 Ι
114 4127 174 4172 uec
192 4103 282 4169 labor
300 4114 360 4168 est:
380 4103 481 4167 celare
498 4101 581 4165 licet.
625 4111 698 4186 pete
715 4122 834 4166 munus
850 4098 893 4164 ab
908 4099 985 4165 illu·
