2604 4974
222 805 263 871 98
558 822 591 876 Ρ.
609 821 720 876 ovim
737 821 898 877 NASONIS

172 965 203 1012 15
222 944 309 1008 nulla
327 941 504 1026 Sophocleo
522 944 625 1009 veniet
642 945 763 1008 iactura
780 943 942 1008 cothurno.

264 1050 336 1092 cum
354 1029 419 1092 sole
438 1040 469 1092 et
486 1029 561 1091 luna
579 1052 702 1113 semper
719 1031 839 1092 Aratus
857 1029 925 1093 erit.

221 1114 297 1177 dum
314 1112 412 1176 fallax
430 1135 554 1187 servus,
572 1115 670 1177 durus
687 1126 790 1198 pater,
807 1112 952 1197 improba
967 1112 1040 1177 lena

263 1198 371 1262 vivent
388 1209 419 1262 et
436 1200 584 1262 meretrix
601 1199 733 1298 blanda,
750 1198 945 1264 Menandros
964 1199 1032 1262 erit.

221 1281 345 1346 Ennius
363 1295 429 1346 arte
448 1304 557 1347 carens
575 1283 771 1365 animosique
789 1283 897 1346 Attius
915 1283 977 1346 oris

171 1389 204 1437 ιο
263 1390 411 1432 casurum
427 1368 514 1431 nullo
531 1381 671 1452 ternpore
689 1389 804 1432 nornen
821 1367 948 1432 habent.

224 1452 401 1518 Varronem
418 1453 616 1536 primamque
633 1465 733 1517 ratem
751 1475 834 1536 quae
850 1452 969 1517 nesciet
986 1463 1074 1516 aetas

263 1558 420 1620 aureaque
438 1539 578 1602 Aesonio
595 1552 685 1622 terga
701 1538 799 1622 petita
816 1537 908 1601 duci?

221 1624 360 1685 carmina
376 1622 519 1686 sublimis
536 1638 612 1686 tuno
630 1635 703 1687 sunt
720 1623 859 1706 peritura
876 1622 1016 1699 Lucreti,

263 1707 359 1771 exitio
377 1719 475 1771 terras
493 1729 565 1771 cum
583 1708 671 1771 dabit
688 1730 752 1771 una
769 1708 847 1771 dies.

171 1813 203 1862 25
221 1791 357 1875 Tityrus
369 1803 401 1856 et
417 1791 525 1876 fruges
543 1794 729 1875 Aeneiaque
747 1815 835 1856 arma
851 1792 1006 1891 legentur,

263 1876 366 1940 Roma
383 1877 566 1960 triumphati
583 1878 660 1941 dum
678 1888 773 1962 caput
790 1877 875 1940 orbis
892 1876 960 1940 erit

221 1961 321 2025 donec
338 1974 430 2025 erunt
446 1961 536 2046 ignes
554 1983 708 2045 arcusque
727 1959 894 2046 Cupidinis
912 1984 1009 2036 arma,

263 2047 383 2111 discent
371 2057 422 2110 tur
438 2048 575 2123 numeri,
593 2049 677 2112 culte
694 2047 835 2121 Tibulle,
853 2047 909 2110 tui.

222 2128 336 2195 Gallus
354 2144 386 2196 et
402 2133 566 2217 Hesperiis
584 2144 616 2198 et
634 2131 747 2197 Gallus
765 2145 858 2195 notus
874 2130 952 2196 Eois

171 2241 203 2289 ao
264 2229 296 2281 ct
312 2240 370 2281 sua
387 2239 460 2281 curn
479 2215 573 2281 Gallo
591 2232 667 2281 nota
684 2217 819 2302 Lycoris
836 2218 905 2282 erit

221 2323 297 2386 ergo
315 2324 389 2366 cum
406 2303 523 2377 silices,
541 2325 612 2366 oum
632 2303 709 2366 dens
726 2303 873 2386 patientis
890 2301 985 2365 aratri

262 2387 433 2470 depereant
450 2409 543 2463 aevo,
562 2388 701 2451 carmina
717 2397 817 2452 morte
835 2398 951 2451 carent.

155 2466 158 2470 ’
221 2471 333 2534 cedant
351 2472 543 2536 carminibus
560 2495 650 2572 reges
667 2492 842 2556 regumque
860 2471 1019 2556 triumphi,

262 2557 354 2622 cedat
371 2569 401 2621 et
418 2557 588 2621 auriferi
564 2579 633 2640 npa
649 2557 722 2621 beni
768 2579 787 2620 a
804 2556 896 2641 Tagi.

169 2665 201 2714 35
219 2641 295 2705 vilia
311 2641 441 2707 miretur
458 2642 582 2726 vulgus.
626 2642 702 2705 mihi
743 2664 820 2706 avus
838 2642 955 2726 Apollo

260 2727 374 2827 pocula
392 2724 532 2792 Castalia
549 2728 643 2811 plena
659 2727 814 2790 ministret
830 2750 923 2810 aqua,

218 2812 452 2913 sustineamque
471 2833 560 2877 coma
577 2823 768 2878 metuentem
785 2812 904 2896 frigora
919 2822 1072 2895 myrtum:

261 2918 342 2980 aque
359 2899 404 2961 ita
422 2898 552 2997 sollicito
570 2898 688 2962 multus
706 2910 831 2961 amante
848 2897 945 2981 legar.

218 2984 357 3068 pasoitur
374 2983 406 3045 in
424 2982 504 3047 vivis
521 2982 611 3083 livor,
628 2993 701 3068 post
717 2984 784 3046 fata
800 2982 941 3065 quiescit,

167 3091 201 3138 40
261 3091 333 3132 curn
351 3090 427 3131 suus
446 3091 486 3133 ex
503 3068 614 3133 merito
632 3089 789 3151 quemque
806 3077 873 3132 tuot
874 3090 912 3130 ur
930 3067 1039 3131 honos.

218 3174 294 3238 ergo
312 3153 407 3218 etiam
425 3174 497 3218 curn
514 3177 565 3218 me
583 3176 749 3253 supremus
767 3144 932 3217 adederit
894 3152 1016 3237 trgum,

260 3239 379 3315 vivam,
397 3261 533 3323 parsque
550 3262 613 3304 mer
602 3239 730 3302 multa
697 3248 906 3322 tasuperstes
924 3238 991 3301 erit.

557 3456 671 3510 LIBER
688 3454 894 3513 SECUNDUS.

712 3561 739 3625 Ι.

217 3666 290 3729 Hoc
307 3685 433 3748 quoque
451 3685 612 3762 composui
603 3663 771 3748 Pelignis
789 3687 830 3727 na
831 3673 882 3726 tus
900 3661 1026 3745 aquosis

259 3750 311 3815 ille
329 3772 388 3834 ego
406 3748 514 3832 nequit
516 3749 565 3813 iae
581 3748 669 3812 Naso
687 3759 780 3833 pocta
796 3771 895 3813 meae.

217 3835 277 3899 hoc
293 3855 419 3918 quoque
431 3833 522 3897 russ1t
531 3834 641 3897 Amor
690 3834 777 3898 rooul
795 3834 878 3908 hinc,
896 3834 1006 3917 procul
1020 3842 1097 3908 este,
1117 3831 1229 3897 severi:

259 3941 323 3983 non
340 3919 415 3984 estis
432 3918 546 3983 teneris
564 3929 639 4018 apta
632 3857 779 3983 tieatra
794 3881 907 3982 modis.

184 4027 200 4075 5
217 4027 268 4069 me
286 4004 398 4103 legat⁸
389 4028 421 4068 m
439 4026 546 4088 sponsi
536 4003 644 4068 'facie
661 4025 725 4067 non
742 4003 904 4088 frigida⁸
875 4025 964 4088 virgo

259 4100 291 4155 et
307 4088 420 4153 rudis⁸
411 4100 519 4188 rgnoto
537 4101 640 4153 tactus
658 4110 764 4152 amore
780 4111 869 4174 puer

217 4185 312 4258 atquo
329 4173 468 4256 aliquis
459 4196 623 4250 iuvenum,
640 4195 704 4273 quo
721 4195 805 4237 nunc
823 4195 893 4258 ego,
911 4171 1036 4236 saucius
1054 4193 1129 4237 arcu

250 4272 410 4360 agnoscat
425 4259 570 4323 flammae
588 4258 713 4329 conscia
730 4259 820 4343 signa
838 4280 914 4322 suae

216 4343 410 4427 miratusque
428 4344 509 4408 diu‘
516 4365 578 4426 quo
584 4343 695 4407 ’dicat
712 4343 768 4407 ‘ab
785 4343 888 4408 indice
906 4341 1016 4407 doctus

167 4448 201 4499 lo
259 4428 425 4514 conposuit
442 4450 533 4493 casus
551 4429 610 4492 iste
627 4438 721 4512 poeta
737 4427 857 4492 meosl’

215 4534 312 4579 ausus
330 4535 431 4591 eram,
447 4512 592 4588 memini,
610 4512 757 4578 caelestia
774 4513 877 4578 dicere
894 4512 979 4576 bella

257 4596 532 4681 centimanumque
550 4595 668 4684 Gygen
684 4595 730 4682 (et
748 4598 823 4664 satis
842 4597 902 4662 oris
921 4597 1011 4682 erat),
