2604 4974
243 227 359 286 ARTIS
376 229 605 286 AMATORIAE
621 229 696 284 LIB.
713 229 736 284 1.
755 227 899 285 ooo—om.
1021 214 1081 281 157

103 350 235 437 hospitis
253 351 366 417 adfuso
385 353 540 437 sanguine
557 374 650 437 posse
667 353 788 417 Iovem.
1101 371 1151 420 650

60 437 106 502 illi
123 438 246 502 Busiris
264 438 334 502 ‘fies
352 439 439 502 Iovis
456 438 559 502 hostia
576 438 716 522 primus,'

103 524 205 606 inquit
223 531 271 588 ‘et
288 525 439 609 Aegypto
458 535 493 588 tu
511 523 601 588 dabis
620 523 735 672 hospes
753 522 889 606 aquam?

61 622 93 675 et
108 609 254 672 Phalaris
272 621 362 672 tauro
380 609 509 674 violenti
526 608 669 674 membra
716 608 796 674 erilli

103 695 228 758 torruit:
247 695 358 758 infelix
375 695 478 759 inbuit
495 707 604 759 auctor
621 717 711 780 opus.

59 780 161 845 iustus
179 791 311 863 uterque
328 781 403 844 fuit:
421 802 526 864 neque
543 781 628 846 enim
643 781 696 844 lex
713 780 842 863 aequior
859 779 925 844 ulla
943 790 1000 857 est,
1102 797 1150 846 665

103 889 200 949 quam
217 866 303 930 necis
320 865 456 931 artifices
473 876 540 930 arte
558 867 660 951 perire
678 889 746 929 sua.

60 974 137 1036 ergo
154 962 190 1015 ut
207 952 349 1036 periuras
367 952 478 1016 merito
495 952 634 1037 periuria
651 951 772 1027 fallant,

104 1038 250 1122 exemplo
268 1037 372 1101 doleat
389 1036 508 1101 femina
525 1037 611 1101 laesa
629 1059 696 1101 suo.

60 1132 93 1187 et
109 1123 257 1186 lacrimae
274 1134 414 1208 prosunt.
458 1122 594 1187 lacrimis
612 1123 781 1187 adamanta
798 1121 949 1187 movebis.

103 1208 155 1271 fac
172 1208 314 1273 madidas
333 1209 453 1282 videat,
472 1208 499 1272 si
516 1220 622 1293 potes,
640 1209 695 1272 illa
711 1231 819 1293 genas.
1101 1227 1151 1276 666

60 1293 89 1357 si
105 1294 253 1358 lacrimae
271 1330 315 1340 -
330 1315 435 1376 neque
453 1294 536 1358 enim
555 1294 685 1360 veniunt
702 1294 736 1358 in
753 1308 894 1378 tempore
914 1315 1092 1378 semper—-

104 1379 264 1456 deficient,
282 1380 347 1443 uda
364 1380 484 1444 lumina
502 1393 597 1465 tange
615 1403 722 1444 manu.

61 1466 132 1547 quis
151 1465 276 1564 sapiens
295 1464 418 1529 blandis
435 1487 499 1529 non
518 1466 649 1530 misceat
666 1465 775 1529 oscula
793 1465 918 1529 verbis?

102 1550 157 1614 illa
174 1551 248 1615 hcet
265 1572 330 1614 non
347 1551 414 1627 det,
431 1572 496 1613 non
514 1552 587 1614 data
605 1574 694 1614 sume
712 1564 829 1615 tamen.

60 1635 217 1721 pugnabit
233 1635 335 1720 primo
353 1636 494 1700 fortassis
513 1649 545 1700 et
562 1635 733 1720 ‘improbe'
753 1636 849 1702 dicet:

104 1722 277 1806 pugnando
295 1722 379 1786 vinci
397 1745 431 1787 se
448 1734 555 1786 tamen
572 1722 627 1785 illa
645 1722 738 1786 volet.

61 1817 184 1871 tantum
201 1830 242 1872 ne
259 1818 394 1872 noceant
411 1808 526 1872 teneris
543 1809 625 1872 male
643 1820 734 1892 rapta
751 1808 883 1885 labellis,

103 1915 184 1957 neve
201 1893 292 1976 queri
309 1893 407 1978 possit
426 1893 506 1956 dura
522 1893 635 1969 fuisse,
654 1893 745 1958 cavel

62 1978 171 2042 oscula
188 1979 243 2060 qui
260 1979 408 2063 sumpsit,
427 1979 454 2043 si
471 2001 536 2042 non
554 1991 585 2043 et
603 1990 727 2043 caetera
744 1991 857 2056 sumet,

104 2064 183 2127 haec
200 2085 342 2146 quoque,
362 2086 444 2148 quae
462 2065 536 2129 data
553 2076 641 2141 sunt,
659 2066 790 2150 perdere
808 2066 924 2151 dignus
942 2066 1010 2132 erit.
1103 2084 1152 2133 oro

61 2161 216 2232 quantum
234 2149 378 2214 defuerat
394 2150 488 2234 pleno
506 2162 578 2235 post
596 2152 704 2214 oscula
721 2152 814 2215 voto?

104 2235 134 2299 ei
150 2234 242 2312 mihi,
260 2236 431 2311 rusticitas,
449 2257 513 2299 non
530 2236 633 2320 pudor
649 2237 702 2300 ille
720 2237 789 2300 fuit.

61 2320 126 2384 vim
143 2320 216 2384 licet
234 2322 389 2405 appelles:
407 2331 500 2406 grata
516 2332 565 2386 est
582 2321 629 2385 vis
647 2322 708 2385 ista
725 2322 851 2406 puellis:

104 2406 190 2488 quod
207 2405 309 2483 iuvat,
327 2407 445 2470 invitae
464 2429 558 2491 saepe
576 2406 701 2471 dedisse
719 2408 839 2471 volunt

61 2512 281 2575 quaecumque
300 2504 347 2556 est
364 2493 498 2557 Veneris
516 2493 621 2555 subita
638 2492 754 2556 violata
771 2493 892 2577 rapina,
1102 2512 1151 2561 675

102 2577 236 2661 gaudet,
256 2588 287 2641 et
303 2577 478 2662 inprobitas
496 2577 634 2641 muneris
652 2578 750 2641 instar
767 2577 872 2644 habet.

60 2673 93 2725 at
111 2684 194 2745 quae
212 2684 284 2726 cum
301 2678 408 2747 posset
426 2663 512 2748 cogi,
530 2685 595 2727 non
613 2673 697 2727 tacta
714 2664 853 2739 recessit,

102 2762 138 2811 ut
156 2748 282 2812 simulet
299 2747 387 2812 vultu
405 2749 538 2832 gaudia,
556 2748 652 2812 tristis
671 2748 738 2812 erit.

60 2834 125 2896 vim
143 2856 238 2918 passa
255 2844 304 2898 est
320 2833 452 2898 Phoebe
457 2858 466 2911 3
485 2834 532 2898 vis
551 2845 598 2898 est
616 2835 711 2898 allata
728 2833 840 2897 sorori:

105 2930 137 2983 et
154 2930 263 3004 gratus
281 2932 391 3004 raptae
408 2932 517 3004 raptor
534 2930 666 3001 uterque
684 2919 754 2982 fuit.

59 3004 171 3068 fabula
187 3015 263 3068 nota
280 3006 423 3087 quidem,
442 3005 498 3070 sed
515 3026 579 3068 non
596 3005 727 3089 indigna
743 3004 863 3082 referri,

105 3088 233 3175 Scyrias
252 3091 431 3154 Haemonio
448 3091 555 3155 iuncta
573 3091 679 3175 puella
696 3090 773 3154 viro.

59 3176 124 3240 iam
143 3177 203 3239 dea
220 3175 365 3241 laudatae
385 3176 515 3241 dederat
531 3176 615 3240 mala
632 3177 772 3261 praemia
789 3176 909 3243 formae

104 3261 184 3325 colle
202 3260 261 3324 sub
278 3262 377 3326 Idaeo
395 3263 520 3326 vincere
538 3262 636 3346 digna
653 3262 743 3338 duas,

59 3347 124 3410 iam
142 3369 241 3411 nurus
260 3348 301 3410 ad
317 3347 482 3412 Priamum
500 3348 624 3411 diverso
643 3357 772 3412 venerat
789 3347 876 3424 orbe,
1102 3369 1151 3419 685

104 3430 267 3515 Graiaque
284 3433 317 3496 in
334 3434 440 3497 iliacis
457 3432 622 3498 moenibus
639 3454 720 3496 uxor
738 3444 819 3497 erat:

60 3517 210 3582 iurabant
227 3540 335 3583 omnes
352 3519 384 3582 in
402 3519 481 3583 laesi
498 3517 596 3583 verba
612 3519 716 3582 mariti
721 3543 730 3595 3

105 3627 179 3668 nam
197 3604 286 3667 dolor
303 3605 398 3668 unius
415 3604 543 3688 publica
561 3626 657 3667 causa
674 3603 744 3667 fuit.

61 3705 170 3774 turpe,
188 3689 248 3752 nisi
265 3690 325 3753 hoc
342 3691 450 3754 matris
468 3689 614 3775 precibus
632 3688 806 3754 tribuisset:
824 3688 967 3754 Achilles

105 3787 192 3839 veste
210 3774 314 3838 virum
331 3775 427 3860 longa
444 3776 658 3840 dissimulatus
676 3786 752 3840 erat.
1102 3797 1152 3848 690

63 3860 140 3945 quid
158 3860 250 3934 sacis,
268 3861 430 3924 Aeacide?
454 3884 518 3925 non
536 3873 609 3925 sunt
627 3873 682 3924 tua
699 3883 831 3924 munera
847 3860 948 3925 lanae.

105 3958 141 4009 tu
159 3945 266 4009 titulos
285 3946 346 4010 alia
362 3945 504 4021 Palladis
522 3957 589 4012 arte
606 3957 705 4031 petas.

63 4031 142 4119 quid
159 4030 216 4094 tibi
234 4053 307 4096 cum
325 4032 475 4098 calathis?
492 4034 594 4118 clipeo
611 4054 724 4097 manus
742 4041 821 4119 apta
834 4031 975 4099 terendo
991 4042 1056 4095 est.
