2604 4974
67 273 108 340 90
404 287 437 341 Ρ.
457 287 565 343 ovmr
583 286 744 342 ursolus

67 413 120 496 qui
139 412 238 488 dabit,
257 411 309 475 illc
327 411 385 474 tibi
402 433 518 494 magno
537 411 577 473 sit
594 411 693 474 maior
711 412 860 474 Homero·

109 498 201 562 crede
219 497 309 570 mihi,
328 519 377 560 res
396 509 443 560 est
460 496 624 580 ingeniosa
642 496 725 560 dare.

66 605 124 648 ucc
143 595 191 657 tu,
210 582 308 665 siquis
326 582 386 646 erit
403 582 514 664 capitis
533 581 676 646 mercede
694 581 885 666 redemptus,

109 668 249 752 despice:
267 667 393 752 gypsati
412 668 528 730 crimen
546 668 639 731 inane
657 667 756 751 pedis

25 774 47 821 55
66 776 125 818 nec
143 764 174 818 te
192 752 349 838 decipiant
367 762 488 817 veteres
506 753 623 816 circum
642 752 721 816 atria
739 773 838 817 cerae.

108 839 182 903 tolle
200 849 271 902 tuos
288 849 406 910 tecum,
425 860 546 922 pauper
564 849 693 913 amator,
712 837 801 901 avosl

66 924 156 1007 quin,
175 923 250 1007 quia
267 922 399 1008 pulcher
416 923 487 997 erit,
505 934 615 1007 poscet
631 922 698 987 sine
715 946 845 988 munere
862 924 1005 988 noctem?

109 1009 193 1093 quod
212 1009 277 1083 det,
297 1020 467 1072 amatorem
485 1007 607 1092 flagitet
624 1019 696 1072 ante
715 1008 821 1072 suum!

66 1094 192 1180 parcius
210 1093 327 1178 exigito
344 1093 494 1177 pretium,
513 1094 589 1156 dum
606 1094 685 1157 retia
700 1094 813 1171 tendis,

25 1202 49 1249 ὀ
108 1202 148 1245 ne
165 1179 299 1264 fugiant.
343 1190 452 1263 captos
468 1178 593 1263 legibus
611 1201 667 1243 ure
685 1179 757 1242 tuis.

66 1288 125 1331 nso
142 1264 249 1329 nocuit
267 1264 431 1328 simulatus
450 1286 547 1328 amor.
592 1263 672 1339 sine,
691 1265 796 1328 credat
816 1265 927 1328 amari:

109 1362 141 1415 at
158 1372 249 1426 cave,
267 1372 308 1414 ne
324 1349 422 1435 gratis
440 1349 491 1413 hic
508 1349 566 1413 tibi
584 1360 706 1414 constet
722 1371 819 1414 amor.

66 1458 161 1522 saepe
178 1458 261 1520 nega
277 1446 395 1500 noctes.
440 1434 550 1520 capitis
568 1435 662 1499 modo
679 1434 765 1520 finge
783 1435 931 1510 dolorem,

109 1533 140 1588 et
157 1522 251 1587 modo
269 1543 350 1604 quae
368 1543 479 1585 causas
496 1520 661 1605 praebeat,
679 1520 739 1584 Isis
757 1520 825 1584 erit.

25 1627 49 1676 rc
66 1630 142 1673 mox
158 1606 273 1692 recipe,
291 1617 327 1671 ut
343 1607 465 1671 nullum
482 1605 623 1691 patiendi
641 1605 768 1691 colligat
784 1628 886 1682 usum,

108 1715 189 1758 neve
206 1692 392 1757 relentescat
408 1713 503 1776 saepe
520 1691 666 1840 repulsus
683 1713 781 1756 amor.

67 1779 163 1844 surda
180 1778 221 1843 sit
238 1776 339 1843 oranti
356 1788 412 1841 tua
428 1776 538 1854 ianua,
567 1800 628 1841 axa
645 1777 768 1841 ferenti.

109 1863 217 1930 audiat
234 1861 351 1928 exclusi
370 1862 467 1926 verba
483 1873 627 1947 receptus
645 1884 764 1926 amans.

67 1962 112 2027 et,
130 1948 221 2033 quasi
237 1949 323 2013 laesa
339 1947 437 2032 prior,
455 1968 692 2030 nonnumquam
710 1948 844 2014 irascere
860 1949 961 2015 laeso:

25 2054 50 2103 to
108 2045 257 2100 vanescet
273 2034 367 2118 culpa
384 2034 477 2118 culpa
493 2055 626 2117 repensa
643 2044 707 2097 tua.

67 2121 123 2186 sed
142 2141 315 2202 numquam
334 2118 456 2183 dederis
474 2118 647 2204 spatiosum
664 2130 788 2203 tempus
806 2119 839 2183 in
856 2120 949 2184 iram:

109 2228 204 2290 saepe
222 2205 394 2269 simultates
412 2204 459 2267 ira
475 2215 598 2268 morata
615 2204 700 2268 facit.

66 2291 143 2376 quin
160 2291 255 2355 etiam
272 2290 393 2354 discant
411 2290 494 2353 oculi
510 2290 674 2355 lacrimare
691 2290 802 2367 coacti,

109 2387 141 2442 et
157 2375 275 2441 faciant
291 2376 371 2439 udas
388 2375 441 2439 ille
459 2377 509 2439 vel
527 2375 579 2440 ille
596 2398 704 2462 genas.

25 2479 49 2530 35
66 2484 140 2539 uec,
158 2461 279 2545 siquem
297 2460 401 2536 falles,
419 2472 454 2525 tu
472 2461 631 2546 periurare
648 2461 771 2526 timeto:

109 2547 287 2612 commodat
303 2546 336 2610 in
353 2547 441 2610 lusus
458 2546 588 2610 numina
605 2547 701 2610 surda
717 2548 837 2613 Venus.

67 2655 176 2698 servus
193 2643 225 2698 et
242 2632 284 2696 ad
300 2642 405 2716 partes
424 2632 533 2696 sollers
550 2632 665 2696 ancilla
681 2646 839 2716 parentur,

109 2718 163 2802 qui
181 2718 328 2793 doceant,
347 2727 419 2801 apte
436 2717 513 2799 quid
531 2717 588 2781 tibi
605 2718 704 2802 possit
722 2717 796 2781 emi:

67 2818 97 2868 et
116 2802 175 2866 sibi
192 2825 295 2888 pauca
310 2812 432 2886 rogent.
476 2803 590 2866 multos
607 2802 633 2866 si
651 2824 753 2887 pauca
769 2802 937 2888 rogabunt,

25 2908 50 2957 to
109 2888 275 2973 postmodo
293 2887 332 2952 de
350 2887 467 2972 stipula
483 2888 611 2972 grandis
630 2909 761 2952 acervus
779 2888 847 2953 erit.

68 2984 99 3038 et
116 2995 213 3050 soror,
232 2985 263 3037 et
280 2982 389 3048 mater,
408 2973 513 3036 nutrix
531 2994 658 3055 quoque
675 2985 784 3058 carpat
801 2984 974 3039 amantem:

109 3058 145 3122 fit
162 3057 224 3122 cito
242 3080 298 3141 per
315 3057 430 3121 multas
447 3058 565 3142 praeda
582 3058 680 3142 petita
695 3081 817 3122 manus.

68 3166 140 3208 cum
158 3154 189 3207 te
207 3141 353 3206 deficient
369 3143 519 3227 poscendi
537 3165 669 3207 munera
686 3165 810 3220 causae,

109 3228 245 3291 natalem
263 3227 327 3290 libo
345 3226 511 3292 testificare
528 3238 629 3292 tuum.

25 3333 49 3383 15
66 3335 107 3378 ne
125 3334 253 3378 securus
271 3322 356 3377 amet
372 3312 459 3375 nullo
476 3312 588 3390 rivale,
607 3324 732 3377 caveto:

108 3418 172 3462 non
189 3397 284 3473 bene,
302 3397 329 3461 si
344 3398 436 3461 tollas
453 3398 586 3482 proelia,
605 3398 698 3463 durat
715 3420 812 3463 amor.

65 3482 118 3548 ille
135 3481 196 3547 viri
213 3481 319 3547 videat
334 3493 400 3546 toto
418 3483 552 3568 vestigia
568 3485 648 3547 lecto

108 3564 254 3650 factaque
270 3567 396 3632 lascivis
413 3567 510 3632 livida
527 3569 607 3633 colla
624 3570 715 3633 notis.

65 3672 197 3717 munera
214 3651 381 3737 praecipue
399 3653 519 3728 videat,
537 3675 619 3736 quae
635 3654 755 3718 miserit
772 3654 859 3720 alter.

25 3754 50 3805 to
108 3734 137 3801 si
153 3734 274 3802 dederit
290 3738 410 3812 nullus,
428 3761 517 3803 sacra
533 3739 675 3823 roganda
692 3740 744 3803 via
760 3751 818 3804 est.

66 3840 139 3885 cum
156 3820 256 3885 multa
272 3822 452 3900 abstuleris,
470 3836 586 3888 utnon
603 3834 708 3888 tamen
725 3825 831 3890 omnia
848 3824 953 3902 donet,

108 3904 195 3989 quod
211 3926 385 3991 numquam
401 3909 525 3985 reddas,
544 3908 730 3985 commodet,
749 3909 818 3994 ipsa
835 3932 923 3997 roga.

63 3986 280 4091 linguainvet
295 4004 433 4058 mentem
455 4016 496 4059 ue
513 4004 614 4078 tegat:
631 3993 774 4059 blandire
791 4016 947 4081 nooeque3

26 4104 31 4123 ·
54 4102 60 4111 ·
106 4094 205 4163 impia
221 4074 282 4139 snb
299 4076 384 4143 dulci
400 4100 452 4145 me
476 4102 493 4145 e
510 4100 633 4143 venena
650 4079 757 4144 latent
