2604 4974
241 306 357 363 ARTIS
373 305 603 362 AMATORIAE
619 305 692 360 LIB.
712 305 749 360 Π.
768 306 913 362 car-709.
1025 293 1088 358 175

108 443 248 517 tempus,
267 442 299 495 et
316 430 458 494 albentes
476 429 539 493 iam
557 429 636 514 legit
653 429 708 493 illa
726 451 842 494 comas.

65 517 166 594 utilis,
184 538 203 581 o
222 517 368 592 iuvenes,
386 525 442 579 aut
459 514 539 580 haec
556 527 611 579 aut
628 515 727 579 serior
744 529 845 580 aetas:

108 603 168 667 iste
186 601 267 667 feret
284 611 421 701 segetes,
439 599 499 666 istc
516 601 669 666 serendus
687 623 773 686 ager.

65 689 141 752 dum
159 687 241 753 vires
260 708 397 769 anmque
415 687 536 764 sinunt,
555 688 686 751 tolerate
703 686 842 751 labores:

106 774 171 838 iarn
189 773 295 838 veniet
312 772 407 836 tacito
426 794 523 836 curva
541 783 668 837 senecta
684 772 775 857 pede.

65 870 121 924 aut
137 881 224 923 mare
242 857 381 943 remigiis
400 868 455 922 aut
472 880 600 923 vomere
617 857 727 922 findite
745 869 843 923 terras

108 955 164 1009 aut
180 944 249 1009 fera
267 943 435 1027 belligeras
454 943 561 1008 addite
578 944 612 1008 in
630 966 718 1007 arma
736 966 859 1020 manus,

65 1040 121 1095 aut
137 1030 222 1095 latus
240 1041 271 1093 et
289 1029 371 1094 vires
390 1051 582 1113 operamque
601 1028 722 1094 adferte
739 1029 867 1114 puellis:

107 1116 169 1180 hoc
186 1136 313 1198 quoque
331 1114 443 1179 militia
460 1126 522 1193 est,
541 1115 601 1179 hoc
619 1136 747 1198 quoque
765 1115 887 1198 quaerit
904 1137 998 1201 opes.»

65 1202 165 1277 adde,
184 1201 269 1284 quod
288 1210 336 1265 est
353 1199 414 1264 illis
431 1221 563 1285 operum
581 1200 748 1286 prudentia
765 1201 875 1279 maior,

109 1287 194 1351 solus
212 1298 254 1362 et,
273 1284 408 1350 artifices
426 1286 482 1369 qui
499 1286 590 1362 facit,
608 1308 685 1351 usus
703 1286 801 1350 adest.

63 1373 136 1438 illae
153 1371 315 1435 munditiis
332 1393 488 1438 annorum
506 1371 622 1437 damna
639 1371 826 1456 rependunt,

108 1469 138 1522 et
155 1457 276 1521 faciunt
295 1478 386 1533 cura,
402 1479 444 1521 ne
461 1457 628 1521 videantur
644 1480 733 1522 anus.

65 1554 163 1626 utque
182 1542 273 1618 velis,
291 1543 452 1608 Venerem
468 1543 605 1628 iungunt
622 1566 679 1628 per
695 1542 783 1607 mille
797 1543 930 1628 figuras:

107 1628 228 1693 invenit
244 1629 350 1713 plures
368 1628 456 1692 nulla
473 1628 590 1692 tabella
606 1629 727 1693 modos.

64 1714 126 1779 illis
144 1713 277 1778 sentitur
293 1736 358 1778 ncrr
374 1713 501 1777 inritata
519 1715 675 1799 voluptas.
693 1750 736 1760 —-
1033 1780 1035 1787 ᾗ

108 1800 194 1884 quod
211 1799 312 1876 iuvet,
331 1822 371 1864 ex
389 1821 491 1882 aequo
509 1798 628 1863 femina
645 1801 755 1882 virque
773 1797 885 1863 ferant.
930 1829 933 1833 ²
1045 1818 1047 1823 ·

66 1886 118 1950 odi
136 1885 337 1962 concubitus,
354 1884 409 1967 qui
427 1907 490 1949 non
508 1896 679 1968 utrumque
696 1885 869 1949 resolvunt.

108 1971 168 2036 hoc
186 1981 247 2047 est,
266 1992 323 2034 cur
339 1970 430 2055 pueri
446 1982 561 2071 tangar
578 1993 685 2035 amore
702 1969 816 2034 minus.

66 2057 118 2122 odi
137 2079 218 2140 quae
235 2056 381 2142 praebet,
399 2056 474 2140 quia
491 2066 532 2120 srt
549 2057 702 2141 praebere
719 2077 858 2130 necesse,

108 2143 254 2225 siccaque
272 2142 312 2206 de
329 2142 403 2205 lana
421 2142 540 2226 cogitat
557 2142 627 2226 ipsa
645 2164 712 2206 sua.
924 2154 926 2161 “

68 2250 150 2312 quae
168 2228 262 2292 (latur
279 2227 398 2304 officio,
416 2248 481 2291 non
498 2239 546 2292 est
563 2227 640 2291 mihi
657 2237 749 2313 grata
767 2227 926 2312 voluptas:
1008 2296 1010 2299 ,

109 2313 249 2378 officium
267 2313 364 2377 faciat
380 2313 468 2377 nulla
485 2314 591 2399 puella
609 2312 696 2377 mihi.

66 2421 117 2465 me
135 2421 229 2464 voces
247 2398 356 2464 audire
373 2398 463 2463 iuvat
480 2422 538 2463 sua
555 2399 673 2500 gaudia
690 2397 806 2463 fassas:

109 2496 218 2568 atque,
237 2506 350 2560 morer,
367 2505 470 2549 meme
489 2495 739 2568 sustineamque,
758 2494 857 2568 roget.

68 2569 219 2654 aspiciam
257 2569 402 2634 dominae
420 2568 521 2634 victos
539 2569 672 2635 amentis
691 2569 819 2634 ocellos:

108 2656 272 2742 langueat,
285 2666 321 2733 ¹ct
340 2655 428 2740 tangi
446 2678 480 2720 se
497 2667 583 2720 vetet
600 2656 654 2720 illa
671 2656 735 2719 diu.

66 2740 145 2806 haec
163 2742 246 2805 bona
262 2762 326 2805 non
343 2741 463 2826 primae
481 2741 591 2805 tribuit
608 2752 721 2805 natura
737 2741 894 2818 iuventae,

108 2848 190 2910 quae
208 2827 269 2891 cito
287 2839 359 2912 post
376 2838 496 2911 septem
514 2828 613 2891 lustra
631 2826 736 2891 venire
754 2827 865 2890 solent.

66 2913 121 2996 qui
137 2925 320 2997 properant,
338 2934 421 2976 nova
438 2922 543 2976 musta
560 2912 684 2977 bibant:
702 2911 780 2975 mihi
796 2910 910 2976 fundat
927 2911 1048 2976 avitum
1104 2932 1152 2982 695

109 2998 291 3062 consulibus
308 2997 420 3082 priscis
439 2997 566 3063 condita
583 3008 665 3063 testa
681 3019 814 3062 merum.

66 3105 125 3148 nec
142 3085 302 3168 platanus,
320 3083 381 3146 nisi
398 3106 483 3160 sera,
501 3095 605 3169 potest
622 3083 774 3148 obsistere
792 3082 935 3161 Phoebo,

110 3180 141 3233 et
157 3168 287 3232 laedunt
304 3168 406 3232 nudos
446 3180 515 3233 rata
531 3169 657 3234 novella
673 3169 779 3254 pedes.

66 3253 185 3318 scilicet
202 3254 397 3317 Hermionen
415 3191 559 3319 llelenae
577 3276 770 3340 praeponere
811 3255 917 3320 ossas?

108 3350 139 3403 et
157 3338 268 3403 melior
286 3337 395 3424 Gorge
413 3360 509 3422 quam
527 3362 585 3405 sua
601 3352 703 3405 mater
720 3277 810 3405 eracl

66 3434 99 3489 at
116 3424 273 3489 Venerem
291 3425 484 3507 quicumque
501 3425 588 3489 voles
607 3425 693 3489 adtin
717 3448 770 3490 ere
788 3448 901 3503 seram,

10 3518 12 3523 '
108 3509 246 3573 simodo
265 3509 401 3585 duraris,
419 3511 560 3595 praemia
577 3510 674 3595 digna
690 3448 783 3576 iores.
801 3547 845 3558 ·-

66 3594 209 3659 consoius
228 3616 300 3659 ecce
318 3595 398 3659 duos
416 3595 538 3680 accepit
554 3595 654 3660 lectus
672 3608 828 3662 amantes:

108 3679 149 3744 ad
166 3679 295 3744 thalami
315 3680 452 3755 clausas,
471 3681 583 3756 Musa,
601 3681 711 3746 resiste
728 3682 821 3746 fores.

66 3777 176 3851 sponte
194 3788 252 3829 sua
270 3765 337 3829 sine
355 3776 385 3829 te
403 3765 606 3830 celeberrima
624 3767 721 3831 verba
737 3767 915 3850 loquentur,
1100 3791 1148 3838 705

107 3873 166 3914 nec
183 3867 296 3914 manus
314 3850 347 3913 in
364 3851 445 3914 lecto
463 3852 554 3915 laeva
571 3851 686 3916 iacebit
701 3853 795 3916 iners.

64 3935 226 3999 invenient
243 3935 346 4020 digiti,
364 3937 451 4018 quod
468 3946 565 4021 agant
581 3937 614 3999 in
632 3938 774 4020 partibus
791 3937 863 4015 illis,

106 4021 139 4084 in
157 4020 273 4103 quibus
291 4022 412 4086 occulte
429 4021 550 4106 spicula
567 4021 660 4106 tingit
677 4023 790 4087 Amor.

64 4106 141 4173 fecit
157 4107 191 4171 in
207 4105 433 4173 Andromacha
450 4108 540 4196 prius
555 4107 621 4175 boc
637 4107 841 4174 lectissimus
850 4108 1008 4175 necron

1270 3274 1300 3347 ef:

1277 3406 1300 3459 p,

1278 3458 1300 3549 ll

1286 3568 1300 3601 ⁴)

1296 3654 1300 3691 l

1294 3750 1300 3791 l
