2604 4974
329 285 496 344 AMORUM
512 286 585 342 LIB.
604 285 658 341 III.
676 285 700 357 1,
718 285 807 356 1-11,
825 285 866 341 12.
1069 279 1130 344 119

104 434 175 476 sum
193 408 287 485 levis,
306 421 336 473 et
353 432 478 474 mecum
495 409 574 474 levis
593 421 655 486 est,
673 432 744 473 mea
762 431 851 485 eura,
871 407 1007 494 Cupido.

147 518 211 560 non
229 518 300 559 sum
318 496 450 559 materia
466 495 577 559 fortior
593 495 664 580 ipsa
681 517 761 558 mea.

104 582 223 647 rustica
240 579 280 644 sit
298 581 366 644 sine
384 603 435 645 me
453 580 562 645 lascivi
580 591 681 644 mater
698 580 841 643 Amoris:

147 667 222 731 huic
241 687 300 751 ego
318 664 449 750 proveni
466 667 539 729 lena
557 686 726 748 comesque
745 665 834 729 deae.

105 775 202 837 quam
220 763 255 815 tu
271 773 336 815 non
352 751 470 836 poteris
488 750 568 815 duro
585 773 725 816 reserare
744 751 907 828 cothurno,

148 839 227 902 haec
245 847 293 900 est
309 836 470 900 blanditiis
487 836 583 900 ianua
600 837 673 900 laxa
691 837 779 900 meis.

106 935 138 988 et
154 933 261 987 tamen
279 922 397 985 emerui
414 921 500 1005 plus,
519 943 616 1006 quam
633 933 682 997 tu,
699 943 806 1006 posse,
824 921 955 986 ferendo

148 1009 248 1072 multa
265 1006 432 1091 supercilio
450 1028 514 1069 non
532 1007 681 1092 patienda
698 1019 763 1071 tuo.

106 1117 163 1179 per
180 1114 232 1157 me
250 1092 381 1176 decepto
400 1091 508 1156 didicit
526 1093 657 1156 custode
676 1089 817 1156 Corinna

148 1177 264 1242 liminis
283 1176 423 1241 adstricti
441 1176 608 1242 sollicitare
625 1177 726 1242 fidem

107 1264 276 1347 delabique
293 1274 361 1328 toro
380 1261 487 1326 tunica
504 1263 608 1326 velata
627 1263 729 1326 soluta

149 1361 245 1432 atque
262 1348 473 1432 impercussos
490 1360 582 1412 nocte
600 1370 727 1412 movere
744 1348 851 1432 pedes.

105 1435 157 1500 vel
176 1433 322 1517 quotiens
339 1431 461 1497 foribus
479 1433 565 1497 duris
582 1433 682 1497 incisa
700 1434 847 1518 pependi,

141 1541 213 1583 non
230 1519 331 1582 verita
349 1541 368 1582 a
384 1518 503 1603 populo
521 1530 741 1602 praetereunte
758 1517 836 1603 legil

105 1607 183 1689 quin
201 1625 261 1690 ego
278 1626 330 1668 me
347 1603 489 1678 memini,
509 1604 584 1667 dum
603 1616 708 1668 custos
726 1626 839 1668 saevus
858 1605 967 1682 abiret,

149 1690 280 1754 ancillae
298 1690 426 1753 missam
445 1688 605 1754 delituisse
624 1689 704 1753 sinu.

105 1776 198 1860 quid,
217 1797 290 1839 cum
307 1796 358 1839 me
375 1797 491 1838 munus
509 1775 607 1839 natali
624 1775 735 1851 mittis,
754 1784 786 1838 at
802 1774 857 1839 illa

148 1860 268 1945 rumpit
285 1873 316 1925 et
334 1860 478 1944 adposita
495 1860 631 1924 barbara
648 1859 756 1925 mersit
773 1861 876 1943 aqua?

106 1947 209 2034 prima
226 1957 300 2010 tuae
317 1946 401 2009 movi
418 1945 523 2010 felicia
540 1945 661 2010 semina
677 1945 801 2010 mentis.

149 2053 265 2095 munus
283 2031 396 2107 habes,
414 2030 500 2113 quod
518 2043 549 2096 te
566 2031 631 2095 iam
647 2031 726 2115 petit
741 2031 817 2107 ista,
835 2033 961 2097 meum!

107 2117 253 2182 desierat.
297 2115 387 2200 coepi
404 2123 476 2200 ‘per
493 2137 549 2180 vos
567 2128 734 2200 utramque
751 2139 911 2202 rogamus,

149 2203 182 2267 in
200 2223 317 2267 vacuas
335 2224 426 2265 eures
444 2202 542 2266 verba
559 2201 696 2267 timentis
715 2214 799 2267 eant.

107 2289 206 2353 altera
222 2311 274 2352 me
292 2297 414 2372 sceptro
433 2287 562 2352 decoras
580 2286 707 2370 altoque
725 2287 892 2353 cothurno:

148 2374 213 2439 iam
230 2394 315 2437 nunc
333 2383 477 2437 contacto
495 2395 631 2459 magnus
648 2372 681 2436 in
699 2395 753 2438 ore
771 2395 877 2438 sonus.

107 2460 206 2524 altera
224 2459 281 2523 des
298 2470 405 2523 nostro
424 2458 583 2522 victurum
601 2481 716 2523 nomen
734 2458 847 2523 amori:

150 2567 227 2630 ergo
245 2544 320 2608 ades
340 2555 371 2608 et
387 2543 490 2628 longis
508 2543 652 2608 versibus
671 2543 752 2608 adde
772 2544 892 2610 breves.

107 2631 260 2716 exiguum
276 2629 342 2695 vati
359 2629 510 2704 concede,
529 2629 723 2713 Tragoedia,
742 2640 880 2714 tempus:

149 2727 184 2780 tu
201 2715 292 2778 labor
309 2725 469 2791 aeternus;
488 2714 574 2797 quod
591 2714 670 2798 petit
686 2715 755 2790 illa,
774 2715 870 2779 breve
888 2715 955 2780 est'

107 2813 193 2865 mota
211 2799 298 2865 dedit
314 2801 449 2864 veniam.
492 2798 592 2864 teneri
609 2810 817 2884 properentur
834 2821 966 2877 amores,

150 2887 227 2950 dum
244 2896 350 2950 vacat:
369 2909 388 2949 a
406 2896 495 2970 tergo
513 2885 664 2970 grandius
683 2897 798 2970 urguet
815 2907 905 2970 opus.

597 3038 641 3102 ΙΙ.

108 3143 196 3208 ‘Non
214 3163 275 3227 ego
292 3141 446 3205 nobilium
465 3142 559 3207 sedeo
578 3141 736 3206 studiosus
755 3163 922 3225 equorumr

150 3228 203 3293 cui
220 3238 326 3291 tamen
343 3227 413 3312 ipsa
429 3226 534 3302 faves,
552 3227 658 3291 vincat
675 3237 710 3290 ut
727 3226 794 3303 ille,
812 3250 933 3312 precor.

107 3324 143 3377 ut
159 3314 307 3396 loquerer
324 3323 444 3389 tecum,
462 3311 549 3386 veni,
568 3325 736 3396 tecumque
753 3313 906 3391 sederem,

149 3420 190 3463 ne
209 3398 267 3461 tibi
283 3420 346 3461 non
364 3409 473 3474 notus,
492 3419 586 3481 quem
604 3397 697 3475 facis,
716 3409 799 3462 esset
816 3421 914 3465 amor.

107 3496 142 3549 tu
161 3505 272 3549 cursus
290 3494 429 3568 spectas,
448 3504 508 3567 ego
526 3493 567 3546 te.
611 3495 788 3567 spectemus
806 3495 948 3568 uterque,

150 3570 237 3652 quod
255 3568 356 3643 iuvat,
375 3580 470 3651 atque
489 3569 597 3632 oculos
614 3579 723 3653 pascat
740 3580 872 3652 uterque
890 3591 973 3634 suos.

108 3678 127 3720 0
146 3656 334 3736 cuicumque
351 3654 440 3718 faves
458 3653 534 3717 felix
551 3654 687 3738 agitator
704 3655 872 3736 equorum!

151 3760 228 3824 ergo
245 3739 291 3802 illi
309 3761 403 3803 curae
421 3737 552 3822 contigit
570 3761 637 3803 esse
655 3739 747 3803 tuae?

109 3824 169 3890 hoc
186 3824 265 3888 mihi
282 3825 458 3910 contingat:
477 3846 566 3887 sacro
585 3824 624 3888 de
643 3846 767 3888 carcere
785 3825 888 3890 missis

151 3911 294 3974 insistam
312 3909 386 3973 forti
403 3921 508 3974 mente
526 3909 688 3974 vehendus
706 3909 805 3992 equis,

109 4009 142 4063 et
158 3996 254 4060 modo
270 3995 338 4058 lora
355 3994 453 4070 dabo,
470 3995 565 4058 modo
583 3994 714 4060 verbere
731 4006 821 4080 terga
838 3995 965 4074 notabo,

150 4102 236 4148 nunc
254 4079 407 4164 stringam
424 4091 524 4144 metas
541 4079 688 4144 interiore
705 4091 783 4145 rota.
